orderbook_timestamp,book,bid,ask,spread
2024-07-18T03:00:01+00:00,usd_mxn,17.71,17.73,0.11280315848843527
2024-07-18T03:00:02+00:00,usd_mxn,17.71,17.73,0.11280315848843527
2024-07-18T03:00:03+00:00,usd_mxn,17.71,17.73,0.11280315848843527
2024-07-18T03:00:05+00:00,usd_mxn,17.71,17.73,0.11280315848843527
2024-07-18T03:00:06+00:00,usd_mxn,17.71,17.73,0.11280315848843527
2024-07-18T03:00:08+00:00,usd_mxn,17.71,17.73,0.11280315848843527
2024-07-18T03:00:09+00:00,usd_mxn,17.71,17.73,0.11280315848843527
2024-07-18T03:00:10+00:00,usd_mxn,17.71,17.73,0.11280315848843527
2024-07-18T03:00:12+00:00,usd_mxn,17.71,17.73,0.11280315848843527
2024-07-18T03:00:13+00:00,usd_mxn,17.71,17.73,0.11280315848843527
2024-07-18T03:00:15+00:00,usd_mxn,17.71,17.73,0.11280315848843527
2024-07-18T03:00:16+00:00,usd_mxn,17.71,17.73,0.11280315848843527
2024-07-18T03:00:17+00:00,usd_mxn,17.71,17.73,0.11280315848843527
2024-07-18T03:00:19+00:00,usd_mxn,17.71,17.73,0.11280315848843527
2024-07-18T03:00:20+00:00,usd_mxn,17.71,17.73,0.11280315848843527
2024-07-18T03:00:21+00:00,usd_mxn,17.71,17.73,0.11280315848843527
2024-07-18T03:00:23+00:00,usd_mxn,17.71,17.73,0.11280315848843527
2024-07-18T03:00:24+00:00,usd_mxn,17.71,17.73,0.11280315848843527
2024-07-18T03:00:26+00:00,usd_mxn,17.71,17.73,0.11280315848843527
2024-07-18T03:00:27+00:00,usd_mxn,17.71,17.73,0.11280315848843527
2024-07-18T03:00:28+00:00,usd_mxn,17.71,17.73,0.11280315848843527
2024-07-18T03:00:30+00:00,usd_mxn,17.71,17.73,0.11280315848843527
2024-07-18T03:00:31+00:00,usd_mxn,17.71,17.73,0.11280315848843527
2024-07-18T03:00:33+00:00,usd_mxn,17.71,17.73,0.11280315848843527
2024-07-18T03:00:34+00:00,usd_mxn,17.71,17.73,0.11280315848843527
2024-07-18T03:00:36+00:00,usd_mxn,17.71,17.73,0.11280315848843527
2024-07-18T03:00:37+00:00,usd_mxn,17.71,17.73,0.11280315848843527
2024-07-18T03:00:38+00:00,usd_mxn,17.71,17.73,0.11280315848843527
2024-07-18T03:00:40+00:00,usd_mxn,17.71,17.73,0.11280315848843527
2024-07-18T03:00:41+00:00,usd_mxn,17.71,17.73,0.11280315848843527
2024-07-18T03:00:43+00:00,usd_mxn,17.71,17.73,0.11280315848843527
2024-07-18T03:00:44+00:00,usd_mxn,17.71,17.73,0.11280315848843527
2024-07-18T03:00:45+00:00,usd_mxn,17.71,17.73,0.11280315848843527
2024-07-18T03:00:47+00:00,usd_mxn,17.71,17.73,0.11280315848843527
2024-07-18T03:00:48+00:00,usd_mxn,17.71,17.73,0.11280315848843527
2024-07-18T03:00:50+00:00,usd_mxn,17.71,17.73,0.11280315848843527
2024-07-18T03:00:51+00:00,usd_mxn,17.71,17.73,0.11280315848843527
2024-07-18T03:00:52+00:00,usd_mxn,17.71,17.73,0.11280315848843527
2024-07-18T03:00:54+00:00,usd_mxn,17.71,17.73,0.11280315848843527
2024-07-18T03:00:55+00:00,usd_mxn,17.71,17.73,0.11280315848843527
2024-07-18T03:00:57+00:00,usd_mxn,17.71,17.73,0.11280315848843527
2024-07-18T03:00:58+00:00,usd_mxn,17.71,17.73,0.11280315848843527
2024-07-18T03:01:00+00:00,usd_mxn,17.71,17.73,0.11280315848843527
2024-07-18T03:01:01+00:00,usd_mxn,17.71,17.73,0.11280315848843527
2024-07-18T03:01:02+00:00,usd_mxn,17.71,17.73,0.11280315848843527
2024-07-18T03:01:04+00:00,usd_mxn,17.71,17.73,0.11280315848843527
2024-07-18T03:01:05+00:00,usd_mxn,17.71,17.73,0.11280315848843527
2024-07-18T03:01:06+00:00,usd_mxn,17.71,17.73,0.11280315848843527
2024-07-18T03:01:08+00:00,usd_mxn,17.71,17.73,0.11280315848843527
2024-07-18T03:01:09+00:00,usd_mxn,17.71,17.73,0.11280315848843527
2024-07-18T03:01:11+00:00,usd_mxn,17.71,17.73,0.11280315848843527
2024-07-18T03:01:12+00:00,usd_mxn,17.71,17.73,0.11280315848843527
2024-07-18T03:01:13+00:00,usd_mxn,17.71,17.73,0.11280315848843527
2024-07-18T03:01:15+00:00,usd_mxn,17.71,17.73,0.11280315848843527
2024-07-18T03:01:16+00:00,usd_mxn,17.71,17.73,0.11280315848843527
2024-07-18T03:01:18+00:00,usd_mxn,17.71,17.73,0.11280315848843527
2024-07-18T03:01:19+00:00,usd_mxn,17.71,17.73,0.11280315848843527
2024-07-18T03:00:00+00:00,usd_mxn,17.71,17.73,0.11280315848843527
2024-07-18T03:00:01+00:00,usd_mxn,17.71,17.73,0.11280315848843527
2024-07-18T03:00:03+00:00,usd_mxn,17.71,17.73,0.11280315848843527
2024-07-18T03:00:04+00:00,usd_mxn,17.71,17.73,0.11280315848843527
2024-07-18T03:00:06+00:00,usd_mxn,17.71,17.73,0.11280315848843527
2024-07-18T03:00:07+00:00,usd_mxn,17.71,17.73,0.11280315848843527
2024-07-18T03:00:09+00:00,usd_mxn,17.71,17.73,0.11280315848843527
2024-07-18T03:00:10+00:00,usd_mxn,17.71,17.73,0.11280315848843527
2024-07-18T03:00:12+00:00,usd_mxn,17.71,17.73,0.11280315848843527
2024-07-18T03:00:13+00:00,usd_mxn,17.71,17.73,0.11280315848843527
2024-07-18T03:00:14+00:00,usd_mxn,17.71,17.73,0.11280315848843527
2024-07-18T03:00:16+00:00,usd_mxn,17.71,17.73,0.11280315848843527
2024-07-18T03:00:17+00:00,usd_mxn,17.71,17.73,0.11280315848843527
2024-07-18T03:00:19+00:00,usd_mxn,17.71,17.73,0.11280315848843527
2024-07-18T03:00:20+00:00,usd_mxn,17.71,17.73,0.11280315848843527
2024-07-18T03:00:21+00:00,usd_mxn,17.71,17.73,0.11280315848843527
2024-07-18T03:00:23+00:00,usd_mxn,17.71,17.73,0.11280315848843527
2024-07-18T03:00:24+00:00,usd_mxn,17.71,17.73,0.11280315848843527
2024-07-18T03:00:26+00:00,usd_mxn,17.71,17.73,0.11280315848843527
2024-07-18T03:00:27+00:00,usd_mxn,17.71,17.73,0.11280315848843527
2024-07-18T03:00:28+00:00,usd_mxn,17.71,17.73,0.11280315848843527
2024-07-18T03:00:30+00:00,usd_mxn,17.71,17.73,0.11280315848843527
2024-07-18T03:00:31+00:00,usd_mxn,17.71,17.73,0.11280315848843527
2024-07-18T03:00:33+00:00,usd_mxn,17.71,17.73,0.11280315848843527
2024-07-18T03:00:34+00:00,usd_mxn,17.71,17.73,0.11280315848843527
2024-07-18T03:00:36+00:00,usd_mxn,17.71,17.73,0.11280315848843527
2024-07-18T03:00:37+00:00,usd_mxn,17.71,17.73,0.11280315848843527
2024-07-18T03:00:38+00:00,usd_mxn,17.71,17.73,0.11280315848843527
2024-07-18T03:00:40+00:00,usd_mxn,17.71,17.73,0.11280315848843527
2024-07-18T03:00:41+00:00,usd_mxn,17.71,17.73,0.11280315848843527
2024-07-18T03:00:43+00:00,usd_mxn,17.71,17.73,0.11280315848843527
2024-07-18T03:00:45+00:00,usd_mxn,17.71,17.73,0.11280315848843527
2024-07-18T03:00:46+00:00,usd_mxn,17.71,17.73,0.11280315848843527
2024-07-18T03:00:48+00:00,usd_mxn,17.71,17.73,0.11280315848843527
2024-07-18T03:00:49+00:00,usd_mxn,17.71,17.73,0.11280315848843527
2024-07-18T03:00:51+00:00,usd_mxn,17.71,17.73,0.11280315848843527
2024-07-18T03:00:52+00:00,usd_mxn,17.71,17.73,0.11280315848843527
2024-07-18T03:00:53+00:00,usd_mxn,17.71,17.73,0.11280315848843527
2024-07-18T03:00:55+00:00,usd_mxn,17.71,17.73,0.11280315848843527
2024-07-18T03:00:56+00:00,usd_mxn,17.71,17.73,0.11280315848843527
2024-07-18T03:00:58+00:00,usd_mxn,17.71,17.73,0.11280315848843527
2024-07-18T03:00:59+00:00,usd_mxn,17.71,17.73,0.11280315848843527
2024-07-18T03:01:00+00:00,usd_mxn,17.71,17.73,0.11280315848843527
2024-07-18T03:01:02+00:00,usd_mxn,17.71,17.73,0.11280315848843527
2024-07-18T03:01:03+00:00,usd_mxn,17.71,17.73,0.11280315848843527
2024-07-18T03:01:05+00:00,usd_mxn,17.71,17.73,0.11280315848843527
2024-07-18T03:01:06+00:00,usd_mxn,17.71,17.73,0.11280315848843527
2024-07-18T03:01:08+00:00,usd_mxn,17.71,17.73,0.11280315848843527
2024-07-18T03:01:09+00:00,usd_mxn,17.71,17.73,0.11280315848843527
2024-07-18T03:01:10+00:00,usd_mxn,17.71,17.73,0.11280315848843527
2024-07-18T03:01:12+00:00,usd_mxn,17.71,17.73,0.11280315848843527
2024-07-18T03:01:13+00:00,usd_mxn,17.71,17.73,0.11280315848843527
2024-07-18T03:01:15+00:00,usd_mxn,17.71,17.73,0.11280315848843527
2024-07-18T03:01:16+00:00,usd_mxn,17.71,17.73,0.11280315848843527
2024-07-18T03:01:17+00:00,usd_mxn,17.71,17.73,0.11280315848843527
2024-07-18T03:01:19+00:00,usd_mxn,17.71,17.73,0.11280315848843527
2024-07-18T03:01:20+00:00,usd_mxn,17.71,17.73,0.11280315848843527
2024-07-18T03:01:22+00:00,usd_mxn,17.71,17.73,0.11280315848843527
2024-07-18T03:01:23+00:00,usd_mxn,17.71,17.73,0.11280315848843527
2024-07-18T03:00:00+00:00,usd_mxn,17.71,17.73,0.11280315848843527
2024-07-18T03:00:01+00:00,usd_mxn,17.71,17.73,0.11280315848843527
2024-07-18T03:00:03+00:00,usd_mxn,17.71,17.73,0.11280315848843527
2024-07-18T03:00:04+00:00,usd_mxn,17.71,17.73,0.11280315848843527
2024-07-18T03:00:06+00:00,usd_mxn,17.71,17.73,0.11280315848843527
2024-07-18T03:00:07+00:00,usd_mxn,17.71,17.73,0.11280315848843527
2024-07-18T03:00:09+00:00,usd_mxn,17.71,17.73,0.11280315848843527
2024-07-18T03:00:10+00:00,usd_mxn,17.71,17.73,0.11280315848843527
2024-07-18T03:00:11+00:00,usd_mxn,17.71,17.73,0.11280315848843527
2024-07-18T03:00:13+00:00,usd_mxn,17.71,17.73,0.11280315848843527
2024-07-18T03:00:14+00:00,usd_mxn,17.71,17.73,0.11280315848843527
2024-07-18T03:00:16+00:00,usd_mxn,17.71,17.73,0.11280315848843527
2024-07-18T03:00:17+00:00,usd_mxn,17.71,17.73,0.11280315848843527
2024-07-18T03:00:18+00:00,usd_mxn,17.71,17.73,0.11280315848843527
2024-07-18T03:00:20+00:00,usd_mxn,17.71,17.73,0.11280315848843527
2024-07-18T03:00:21+00:00,usd_mxn,17.71,17.73,0.11280315848843527
2024-07-18T03:00:23+00:00,usd_mxn,17.71,17.73,0.11280315848843527
2024-07-18T03:00:24+00:00,usd_mxn,17.71,17.73,0.11280315848843527
2024-07-18T03:00:25+00:00,usd_mxn,17.71,17.73,0.11280315848843527
2024-07-18T03:00:27+00:00,usd_mxn,17.71,17.73,0.11280315848843527
2024-07-18T03:00:28+00:00,usd_mxn,17.71,17.73,0.11280315848843527
2024-07-18T03:00:30+00:00,usd_mxn,17.71,17.73,0.11280315848843527
2024-07-18T03:00:31+00:00,usd_mxn,17.71,17.73,0.11280315848843527
2024-07-18T03:00:32+00:00,usd_mxn,17.71,17.73,0.11280315848843527
2024-07-18T03:00:34+00:00,usd_mxn,17.71,17.73,0.11280315848843527
2024-07-18T03:00:35+00:00,usd_mxn,17.71,17.73,0.11280315848843527
2024-07-18T03:00:37+00:00,usd_mxn,17.71,17.73,0.11280315848843527
2024-07-18T03:00:38+00:00,usd_mxn,17.71,17.73,0.11280315848843527
2024-07-18T03:00:40+00:00,usd_mxn,17.71,17.73,0.11280315848843527
2024-07-18T03:00:41+00:00,usd_mxn,17.71,17.73,0.11280315848843527
2024-07-18T03:00:43+00:00,usd_mxn,17.71,17.73,0.11280315848843527
2024-07-18T03:00:44+00:00,usd_mxn,17.71,17.73,0.11280315848843527
2024-07-18T03:00:45+00:00,usd_mxn,17.71,17.73,0.11280315848843527
2024-07-18T03:00:47+00:00,usd_mxn,17.71,17.73,0.11280315848843527
2024-07-18T03:00:48+00:00,usd_mxn,17.71,17.73,0.11280315848843527
2024-07-18T03:00:50+00:00,usd_mxn,17.71,17.73,0.11280315848843527
2024-07-18T03:00:51+00:00,usd_mxn,17.71,17.73,0.11280315848843527
2024-07-18T03:00:52+00:00,usd_mxn,17.71,17.73,0.11280315848843527
2024-07-18T03:00:54+00:00,usd_mxn,17.71,17.73,0.11280315848843527
2024-07-18T03:00:55+00:00,usd_mxn,17.71,17.73,0.11280315848843527
2024-07-18T03:00:56+00:00,usd_mxn,17.71,17.73,0.11280315848843527
2024-07-18T03:00:58+00:00,usd_mxn,17.71,17.73,0.11280315848843527
2024-07-18T03:00:59+00:00,usd_mxn,17.71,17.73,0.11280315848843527
2024-07-18T03:01:01+00:00,usd_mxn,17.71,17.73,0.11280315848843527
2024-07-18T03:01:02+00:00,usd_mxn,17.71,17.73,0.11280315848843527
2024-07-18T03:01:03+00:00,usd_mxn,17.71,17.73,0.11280315848843527
2024-07-18T03:01:05+00:00,usd_mxn,17.71,17.73,0.11280315848843527
2024-07-18T03:01:06+00:00,usd_mxn,17.71,17.73,0.11280315848843527
2024-07-18T03:01:08+00:00,usd_mxn,17.71,17.73,0.11280315848843527
2024-07-18T03:01:09+00:00,usd_mxn,17.71,17.73,0.11280315848843527
2024-07-18T03:01:10+00:00,usd_mxn,17.71,17.73,0.11280315848843527
2024-07-18T03:01:12+00:00,usd_mxn,17.71,17.73,0.11280315848843527
2024-07-18T03:01:13+00:00,usd_mxn,17.71,17.73,0.11280315848843527
2024-07-18T03:01:15+00:00,usd_mxn,17.71,17.73,0.11280315848843527
2024-07-18T03:01:16+00:00,usd_mxn,17.71,17.73,0.11280315848843527
2024-07-18T03:01:18+00:00,usd_mxn,17.71,17.73,0.11280315848843527
2024-07-18T03:01:19+00:00,usd_mxn,17.71,17.73,0.11280315848843527
2024-07-18T03:01:20+00:00,usd_mxn,17.71,17.73,0.11280315848843527
2024-07-18T03:01:22+00:00,usd_mxn,17.71,17.73,0.11280315848843527
2024-07-18T03:01:23+00:00,usd_mxn,17.71,17.73,0.11280315848843527
2024-07-18T03:01:25+00:00,usd_mxn,17.71,17.73,0.11280315848843527
2024-07-18T03:01:26+00:00,usd_mxn,17.71,17.73,0.11280315848843527
2024-07-18T03:01:28+00:00,usd_mxn,17.71,17.73,0.11280315848843527
2024-07-18T03:01:29+00:00,usd_mxn,17.71,17.73,0.11280315848843527
2024-07-18T03:01:31+00:00,usd_mxn,17.71,17.73,0.11280315848843527
2024-07-18T03:01:32+00:00,usd_mxn,17.71,17.73,0.11280315848843527
2024-07-18T03:01:33+00:00,usd_mxn,17.71,17.73,0.11280315848843527
2024-07-18T03:01:35+00:00,usd_mxn,17.71,17.73,0.11280315848843527
2024-07-18T03:01:36+00:00,usd_mxn,17.71,17.73,0.11280315848843527
2024-07-18T03:01:38+00:00,usd_mxn,17.71,17.73,0.11280315848843527
2024-07-18T03:01:39+00:00,usd_mxn,17.71,17.73,0.11280315848843527
2024-07-18T03:01:40+00:00,usd_mxn,17.71,17.73,0.11280315848843527
2024-07-18T03:01:42+00:00,usd_mxn,17.71,17.73,0.11280315848843527
2024-07-18T03:01:43+00:00,usd_mxn,17.71,17.73,0.11280315848843527
2024-07-18T03:01:44+00:00,usd_mxn,17.71,17.73,0.11280315848843527
2024-07-18T03:01:46+00:00,usd_mxn,17.71,17.73,0.11280315848843527
2024-07-18T03:01:47+00:00,usd_mxn,17.71,17.73,0.11280315848843527
2024-07-18T03:01:49+00:00,usd_mxn,17.71,17.73,0.11280315848843527
2024-07-18T03:00:00+00:00,usd_mxn,17.71,17.73,0.11280315848843527
2024-07-18T03:00:02+00:00,usd_mxn,17.71,17.73,0.11280315848843527
2024-07-18T03:00:03+00:00,usd_mxn,17.71,17.73,0.11280315848843527
2024-07-18T03:00:04+00:00,usd_mxn,17.71,17.73,0.11280315848843527
2024-07-18T03:00:06+00:00,usd_mxn,17.71,17.73,0.11280315848843527
2024-07-18T03:00:07+00:00,usd_mxn,17.71,17.73,0.11280315848843527
2024-07-18T03:00:09+00:00,usd_mxn,17.71,17.73,0.11280315848843527
2024-07-18T03:00:10+00:00,usd_mxn,17.71,17.73,0.11280315848843527
2024-07-18T03:00:12+00:00,usd_mxn,17.71,17.73,0.11280315848843527
2024-07-18T03:00:13+00:00,usd_mxn,17.71,17.73,0.11280315848843527
2024-07-18T03:00:15+00:00,usd_mxn,17.71,17.73,0.11280315848843527
2024-07-18T03:00:16+00:00,usd_mxn,17.71,17.73,0.11280315848843527
2024-07-18T03:00:17+00:00,usd_mxn,17.71,17.73,0.11280315848843527
2024-07-18T03:00:19+00:00,usd_mxn,17.71,17.73,0.11280315848843527
2024-07-18T03:00:20+00:00,usd_mxn,17.71,17.73,0.11280315848843527
2024-07-18T03:00:21+00:00,usd_mxn,17.71,17.73,0.11280315848843527
2024-07-18T03:00:23+00:00,usd_mxn,17.71,17.73,0.11280315848843527
2024-07-18T03:00:24+00:00,usd_mxn,17.71,17.73,0.11280315848843527
2024-07-18T03:00:26+00:00,usd_mxn,17.71,17.73,0.11280315848843527
2024-07-18T03:00:27+00:00,usd_mxn,17.71,17.73,0.11280315848843527
2024-07-18T03:00:28+00:00,usd_mxn,17.71,17.73,0.11280315848843527
2024-07-18T03:00:30+00:00,usd_mxn,17.71,17.73,0.11280315848843527
2024-07-18T03:00:31+00:00,usd_mxn,17.71,17.73,0.11280315848843527
2024-07-18T03:00:33+00:00,usd_mxn,17.71,17.73,0.11280315848843527
2024-07-18T03:00:34+00:00,usd_mxn,17.71,17.73,0.11280315848843527
2024-07-18T03:00:36+00:00,usd_mxn,17.71,17.73,0.11280315848843527
2024-07-18T03:00:37+00:00,usd_mxn,17.71,17.73,0.11280315848843527
2024-07-18T03:00:38+00:00,usd_mxn,17.71,17.73,0.11280315848843527
2024-07-18T03:00:40+00:00,usd_mxn,17.71,17.73,0.11280315848843527
2024-07-18T03:00:41+00:00,usd_mxn,17.71,17.73,0.11280315848843527
2024-07-18T03:00:43+00:00,usd_mxn,17.71,17.73,0.11280315848843527
2024-07-18T03:00:44+00:00,usd_mxn,17.71,17.73,0.11280315848843527
2024-07-18T03:00:46+00:00,usd_mxn,17.71,17.73,0.11280315848843527
2024-07-18T03:00:47+00:00,usd_mxn,17.71,17.73,0.11280315848843527
2024-07-18T03:00:48+00:00,usd_mxn,17.71,17.73,0.11280315848843527
2024-07-18T03:00:50+00:00,usd_mxn,17.71,17.73,0.11280315848843527
2024-07-18T03:00:51+00:00,usd_mxn,17.71,17.73,0.11280315848843527
2024-07-18T03:00:53+00:00,usd_mxn,17.71,17.73,0.11280315848843527
2024-07-18T03:00:54+00:00,usd_mxn,17.71,17.73,0.11280315848843527
2024-07-18T03:00:55+00:00,usd_mxn,17.71,17.73,0.11280315848843527
2024-07-18T03:00:57+00:00,usd_mxn,17.71,17.73,0.11280315848843527
2024-07-18T03:00:58+00:00,usd_mxn,17.71,17.73,0.11280315848843527
2024-07-18T03:01:00+00:00,usd_mxn,17.71,17.73,0.11280315848843527
2024-07-18T03:01:01+00:00,usd_mxn,17.71,17.73,0.11280315848843527
2024-07-18T03:01:03+00:00,usd_mxn,17.71,17.73,0.11280315848843527
2024-07-18T03:01:04+00:00,usd_mxn,17.71,17.73,0.11280315848843527
2024-07-18T03:01:05+00:00,usd_mxn,17.71,17.73,0.11280315848843527
2024-07-18T03:01:07+00:00,usd_mxn,17.71,17.73,0.11280315848843527
2024-07-18T03:01:08+00:00,usd_mxn,17.71,17.73,0.11280315848843527
2024-07-18T03:01:10+00:00,usd_mxn,17.71,17.73,0.11280315848843527
2024-07-18T03:01:11+00:00,usd_mxn,17.71,17.73,0.11280315848843527
2024-07-18T03:01:12+00:00,usd_mxn,17.71,17.73,0.11280315848843527
2024-07-18T03:01:14+00:00,usd_mxn,17.71,17.73,0.11280315848843527
2024-07-18T03:01:15+00:00,usd_mxn,17.71,17.73,0.11280315848843527
2024-07-18T03:01:17+00:00,usd_mxn,17.71,17.73,0.11280315848843527
2024-07-18T03:01:18+00:00,usd_mxn,17.71,17.73,0.11280315848843527
2024-07-18T03:01:19+00:00,usd_mxn,17.71,17.73,0.11280315848843527
2024-07-18T03:01:21+00:00,usd_mxn,17.71,17.73,0.11280315848843527
2024-07-18T03:01:22+00:00,usd_mxn,17.71,17.73,0.11280315848843527
2024-07-18T03:01:24+00:00,usd_mxn,17.71,17.73,0.11280315848843527
2024-07-18T03:01:25+00:00,usd_mxn,17.71,17.73,0.11280315848843527
2024-07-18T03:01:26+00:00,usd_mxn,17.71,17.73,0.11280315848843527
2024-07-18T03:01:28+00:00,usd_mxn,17.71,17.73,0.11280315848843527
2024-07-18T03:01:29+00:00,usd_mxn,17.71,17.73,0.11280315848843527
2024-07-18T03:01:31+00:00,usd_mxn,17.71,17.73,0.11280315848843527
2024-07-18T03:01:32+00:00,usd_mxn,17.71,17.73,0.11280315848843527
2024-07-18T03:01:34+00:00,usd_mxn,17.71,17.73,0.11280315848843527
2024-07-18T03:01:35+00:00,usd_mxn,17.71,17.73,0.11280315848843527
2024-07-18T03:01:36+00:00,usd_mxn,17.71,17.73,0.11280315848843527
2024-07-18T03:01:38+00:00,usd_mxn,17.71,17.73,0.11280315848843527
2024-07-18T03:01:39+00:00,usd_mxn,17.71,17.73,0.11280315848843527
2024-07-18T03:01:41+00:00,usd_mxn,17.71,17.73,0.11280315848843527
2024-07-18T03:01:42+00:00,usd_mxn,17.71,17.73,0.11280315848843527
2024-07-18T03:01:43+00:00,usd_mxn,17.71,17.73,0.11280315848843527
2024-07-18T03:01:45+00:00,usd_mxn,17.71,17.73,0.11280315848843527
2024-07-18T03:01:46+00:00,usd_mxn,17.71,17.73,0.11280315848843527
2024-07-18T03:01:47+00:00,usd_mxn,17.71,17.73,0.11280315848843527
2024-07-18T03:01:49+00:00,usd_mxn,17.71,17.73,0.11280315848843527
2024-07-18T03:01:50+00:00,usd_mxn,17.71,17.73,0.11280315848843527
2024-07-18T03:01:52+00:00,usd_mxn,17.71,17.73,0.11280315848843527
