orderbook_timestamp,book,bid,ask,spread
2024-07-18T02:22:07+00:00,usd_mxn,17.7,17.72,0.1128668171557538
2024-07-18T02:22:08+00:00,usd_mxn,17.7,17.72,0.1128668171557538
2024-07-18T02:22:10+00:00,usd_mxn,17.7,17.72,0.1128668171557538
2024-07-18T02:22:11+00:00,usd_mxn,17.7,17.72,0.1128668171557538
2024-07-18T02:22:13+00:00,usd_mxn,17.7,17.72,0.1128668171557538
2024-07-18T02:22:14+00:00,usd_mxn,17.7,17.72,0.1128668171557538
2024-07-18T02:22:16+00:00,usd_mxn,17.7,17.72,0.1128668171557538
2024-07-18T02:22:17+00:00,usd_mxn,17.7,17.72,0.1128668171557538
2024-07-18T02:22:18+00:00,usd_mxn,17.7,17.72,0.1128668171557538
2024-07-18T02:22:20+00:00,usd_mxn,17.7,17.72,0.1128668171557538
2024-07-18T02:22:22+00:00,usd_mxn,17.7,17.72,0.1128668171557538
2024-07-18T02:22:23+00:00,usd_mxn,17.7,17.72,0.1128668171557538
2024-07-18T02:22:24+00:00,usd_mxn,17.7,17.72,0.1128668171557538
2024-07-18T02:22:26+00:00,usd_mxn,17.7,17.72,0.1128668171557538
2024-07-18T02:22:27+00:00,usd_mxn,17.7,17.72,0.1128668171557538
2024-07-18T02:22:28+00:00,usd_mxn,17.7,17.72,0.1128668171557538
2024-07-18T02:22:30+00:00,usd_mxn,17.7,17.72,0.1128668171557538
2024-07-18T02:22:31+00:00,usd_mxn,17.7,17.72,0.1128668171557538
2024-07-18T02:22:33+00:00,usd_mxn,17.7,17.72,0.1128668171557538
2024-07-18T02:22:34+00:00,usd_mxn,17.7,17.72,0.1128668171557538
2024-07-18T02:22:35+00:00,usd_mxn,17.7,17.72,0.1128668171557538
2024-07-18T02:22:37+00:00,usd_mxn,17.7,17.72,0.1128668171557538
2024-07-18T02:22:38+00:00,usd_mxn,17.7,17.72,0.1128668171557538
2024-07-18T02:22:40+00:00,usd_mxn,17.7,17.72,0.1128668171557538
2024-07-18T02:22:41+00:00,usd_mxn,17.7,17.72,0.1128668171557538
2024-07-18T02:22:42+00:00,usd_mxn,17.7,17.72,0.1128668171557538
2024-07-18T02:22:44+00:00,usd_mxn,17.7,17.72,0.1128668171557538
2024-07-18T02:22:45+00:00,usd_mxn,17.7,17.72,0.1128668171557538
2024-07-18T02:22:47+00:00,usd_mxn,17.7,17.72,0.1128668171557538
2024-07-18T02:22:48+00:00,usd_mxn,17.7,17.72,0.1128668171557538
2024-07-18T02:22:50+00:00,usd_mxn,17.7,17.72,0.1128668171557538
2024-07-18T02:22:51+00:00,usd_mxn,17.7,17.72,0.1128668171557538
2024-07-18T02:22:52+00:00,usd_mxn,17.7,17.72,0.1128668171557538
2024-07-18T02:22:54+00:00,usd_mxn,17.7,17.72,0.1128668171557538
2024-07-18T02:22:55+00:00,usd_mxn,17.7,17.72,0.1128668171557538
2024-07-18T02:22:57+00:00,usd_mxn,17.7,17.72,0.1128668171557538
2024-07-18T02:22:58+00:00,usd_mxn,17.7,17.72,0.1128668171557538
2024-07-18T02:23:00+00:00,usd_mxn,17.7,17.72,0.1128668171557538
2024-07-18T02:23:01+00:00,usd_mxn,17.7,17.72,0.1128668171557538
2024-07-18T02:23:02+00:00,usd_mxn,17.7,17.72,0.1128668171557538
2024-07-18T02:23:04+00:00,usd_mxn,17.7,17.72,0.1128668171557538
2024-07-18T02:23:05+00:00,usd_mxn,17.7,17.72,0.1128668171557538
2024-07-18T02:23:07+00:00,usd_mxn,17.7,17.72,0.1128668171557538
2024-07-18T02:23:08+00:00,usd_mxn,17.7,17.72,0.1128668171557538
2024-07-18T02:23:09+00:00,usd_mxn,17.7,17.72,0.1128668171557538
2024-07-18T02:23:11+00:00,usd_mxn,17.7,17.72,0.1128668171557538
2024-07-18T02:23:12+00:00,usd_mxn,17.7,17.72,0.1128668171557538
2024-07-18T02:23:14+00:00,usd_mxn,17.7,17.72,0.1128668171557538
2024-07-18T02:23:15+00:00,usd_mxn,17.7,17.72,0.1128668171557538
2024-07-18T02:23:17+00:00,usd_mxn,17.7,17.72,0.1128668171557538
2024-07-18T02:23:18+00:00,usd_mxn,17.7,17.72,0.1128668171557538
2024-07-18T02:23:19+00:00,usd_mxn,17.7,17.72,0.1128668171557538
2024-07-18T02:23:21+00:00,usd_mxn,17.7,17.72,0.1128668171557538
2024-07-18T02:23:22+00:00,usd_mxn,17.7,17.72,0.1128668171557538
2024-07-18T02:23:24+00:00,usd_mxn,17.7,17.72,0.1128668171557538
2024-07-18T02:23:25+00:00,usd_mxn,17.7,17.72,0.1128668171557538
2024-07-18T02:23:26+00:00,usd_mxn,17.7,17.72,0.1128668171557538
2024-07-18T02:23:28+00:00,usd_mxn,17.7,17.72,0.1128668171557538
2024-07-18T02:23:29+00:00,usd_mxn,17.7,17.72,0.1128668171557538
2024-07-18T02:23:31+00:00,usd_mxn,17.7,17.72,0.1128668171557538
2024-07-18T02:23:32+00:00,usd_mxn,17.7,17.72,0.1128668171557538
2024-07-18T02:23:34+00:00,usd_mxn,17.7,17.72,0.1128668171557538
2024-07-18T02:23:35+00:00,usd_mxn,17.7,17.72,0.1128668171557538
2024-07-18T02:23:36+00:00,usd_mxn,17.7,17.72,0.1128668171557538
2024-07-18T02:23:38+00:00,usd_mxn,17.7,17.72,0.1128668171557538
2024-07-18T02:23:39+00:00,usd_mxn,17.7,17.72,0.1128668171557538
2024-07-18T02:23:41+00:00,usd_mxn,17.7,17.72,0.1128668171557538
2024-07-18T02:23:42+00:00,usd_mxn,17.7,17.72,0.1128668171557538
2024-07-18T02:23:43+00:00,usd_mxn,17.7,17.72,0.1128668171557538
2024-07-18T02:23:45+00:00,usd_mxn,17.7,17.72,0.1128668171557538
2024-07-18T02:23:46+00:00,usd_mxn,17.7,17.72,0.1128668171557538
2024-07-18T02:23:48+00:00,usd_mxn,17.7,17.72,0.1128668171557538
2024-07-18T02:23:49+00:00,usd_mxn,17.7,17.72,0.1128668171557538
2024-07-18T02:23:50+00:00,usd_mxn,17.7,17.72,0.1128668171557538
2024-07-18T02:23:52+00:00,usd_mxn,17.7,17.72,0.1128668171557538
2024-07-18T02:23:53+00:00,usd_mxn,17.7,17.72,0.1128668171557538
2024-07-18T02:23:55+00:00,usd_mxn,17.7,17.72,0.1128668171557538
2024-07-18T02:23:56+00:00,usd_mxn,17.7,17.72,0.1128668171557538
2024-07-18T02:23:57+00:00,usd_mxn,17.7,17.72,0.1128668171557538
2024-07-18T02:23:59+00:00,usd_mxn,17.7,17.72,0.1128668171557538
2024-07-18T02:24:00+00:00,usd_mxn,17.7,17.72,0.1128668171557538
2024-07-18T02:24:02+00:00,usd_mxn,17.7,17.72,0.1128668171557538
2024-07-18T02:24:03+00:00,usd_mxn,17.7,17.72,0.1128668171557538
2024-07-18T02:24:04+00:00,usd_mxn,17.7,17.72,0.1128668171557538
2024-07-18T02:24:06+00:00,usd_mxn,17.7,17.72,0.1128668171557538
2024-07-18T02:24:07+00:00,usd_mxn,17.7,17.72,0.1128668171557538
2024-07-18T02:24:09+00:00,usd_mxn,17.7,17.72,0.1128668171557538
2024-07-18T02:24:10+00:00,usd_mxn,17.7,17.72,0.1128668171557538
2024-07-18T02:24:11+00:00,usd_mxn,17.7,17.72,0.1128668171557538
2024-07-18T02:24:13+00:00,usd_mxn,17.7,17.72,0.1128668171557538
2024-07-18T02:24:14+00:00,usd_mxn,17.7,17.72,0.1128668171557538
2024-07-18T02:24:16+00:00,usd_mxn,17.7,17.72,0.1128668171557538
2024-07-18T02:24:17+00:00,usd_mxn,17.7,17.72,0.1128668171557538
2024-07-18T02:24:19+00:00,usd_mxn,17.7,17.72,0.1128668171557538
2024-07-18T02:24:20+00:00,usd_mxn,17.7,17.72,0.1128668171557538
2024-07-18T02:24:21+00:00,usd_mxn,17.7,17.72,0.1128668171557538
2024-07-18T02:24:23+00:00,usd_mxn,17.7,17.72,0.1128668171557538
2024-07-18T02:24:24+00:00,usd_mxn,17.7,17.72,0.1128668171557538
2024-07-18T02:24:26+00:00,usd_mxn,17.7,17.72,0.1128668171557538
2024-07-18T02:24:27+00:00,usd_mxn,17.7,17.72,0.1128668171557538
2024-07-18T02:24:28+00:00,usd_mxn,17.7,17.72,0.1128668171557538
2024-07-18T02:24:30+00:00,usd_mxn,17.7,17.72,0.1128668171557538
2024-07-18T02:24:31+00:00,usd_mxn,17.7,17.72,0.1128668171557538
2024-07-18T02:24:33+00:00,usd_mxn,17.7,17.72,0.1128668171557538
2024-07-18T02:24:34+00:00,usd_mxn,17.7,17.72,0.1128668171557538
2024-07-18T02:24:35+00:00,usd_mxn,17.7,17.72,0.1128668171557538
2024-07-18T02:24:37+00:00,usd_mxn,17.7,17.72,0.1128668171557538
2024-07-18T02:24:38+00:00,usd_mxn,17.7,17.72,0.1128668171557538
2024-07-18T02:24:39+00:00,usd_mxn,17.7,17.72,0.1128668171557538
2024-07-18T02:24:41+00:00,usd_mxn,17.7,17.72,0.1128668171557538
2024-07-18T02:24:42+00:00,usd_mxn,17.7,17.72,0.1128668171557538
2024-07-18T02:24:44+00:00,usd_mxn,17.7,17.72,0.1128668171557538
2024-07-18T02:24:45+00:00,usd_mxn,17.7,17.72,0.1128668171557538
2024-07-18T02:24:47+00:00,usd_mxn,17.7,17.72,0.1128668171557538
2024-07-18T02:24:48+00:00,usd_mxn,17.7,17.72,0.1128668171557538
2024-07-18T02:24:49+00:00,usd_mxn,17.7,17.72,0.1128668171557538
2024-07-18T02:24:51+00:00,usd_mxn,17.7,17.72,0.1128668171557538
2024-07-18T02:24:52+00:00,usd_mxn,17.7,17.72,0.1128668171557538
2024-07-18T02:24:53+00:00,usd_mxn,17.7,17.72,0.1128668171557538
2024-07-18T02:24:55+00:00,usd_mxn,17.7,17.72,0.1128668171557538
2024-07-18T02:24:56+00:00,usd_mxn,17.7,17.72,0.1128668171557538
2024-07-18T02:24:58+00:00,usd_mxn,17.7,17.72,0.1128668171557538
2024-07-18T02:24:59+00:00,usd_mxn,17.7,17.72,0.1128668171557538
2024-07-18T02:25:01+00:00,usd_mxn,17.7,17.72,0.1128668171557538
2024-07-18T02:25:02+00:00,usd_mxn,17.7,17.72,0.1128668171557538
2024-07-18T02:25:03+00:00,usd_mxn,17.7,17.72,0.1128668171557538
2024-07-18T02:25:05+00:00,usd_mxn,17.7,17.72,0.1128668171557538
2024-07-18T02:25:06+00:00,usd_mxn,17.7,17.72,0.1128668171557538
2024-07-18T02:25:08+00:00,usd_mxn,17.7,17.72,0.1128668171557538
2024-07-18T02:25:09+00:00,usd_mxn,17.7,17.72,0.1128668171557538
2024-07-18T02:25:10+00:00,usd_mxn,17.7,17.72,0.1128668171557538
2024-07-18T02:25:12+00:00,usd_mxn,17.7,17.72,0.1128668171557538
2024-07-18T02:25:13+00:00,usd_mxn,17.7,17.72,0.1128668171557538
2024-07-18T02:25:15+00:00,usd_mxn,17.7,17.72,0.1128668171557538
2024-07-18T02:25:16+00:00,usd_mxn,17.7,17.72,0.1128668171557538
2024-07-18T02:25:17+00:00,usd_mxn,17.7,17.72,0.1128668171557538
2024-07-18T02:25:19+00:00,usd_mxn,17.7,17.72,0.1128668171557538
2024-07-18T02:25:20+00:00,usd_mxn,17.7,17.72,0.1128668171557538
2024-07-18T02:25:22+00:00,usd_mxn,17.7,17.72,0.1128668171557538
2024-07-18T02:25:23+00:00,usd_mxn,17.7,17.72,0.1128668171557538
2024-07-18T02:25:25+00:00,usd_mxn,17.7,17.72,0.1128668171557538
2024-07-18T02:25:26+00:00,usd_mxn,17.7,17.72,0.1128668171557538
2024-07-18T02:25:27+00:00,usd_mxn,17.7,17.72,0.1128668171557538
2024-07-18T02:25:29+00:00,usd_mxn,17.7,17.72,0.1128668171557538
2024-07-18T02:25:30+00:00,usd_mxn,17.7,17.72,0.1128668171557538
2024-07-18T02:25:31+00:00,usd_mxn,17.7,17.72,0.1128668171557538
2024-07-18T02:25:33+00:00,usd_mxn,17.7,17.72,0.1128668171557538
2024-07-18T02:25:34+00:00,usd_mxn,17.7,17.72,0.1128668171557538
2024-07-18T02:25:36+00:00,usd_mxn,17.7,17.72,0.1128668171557538
2024-07-18T02:25:37+00:00,usd_mxn,17.7,17.72,0.1128668171557538
2024-07-18T02:25:39+00:00,usd_mxn,17.7,17.72,0.1128668171557538
2024-07-18T02:25:40+00:00,usd_mxn,17.7,17.72,0.1128668171557538
2024-07-18T02:25:41+00:00,usd_mxn,17.7,17.72,0.1128668171557538
2024-07-18T02:25:43+00:00,usd_mxn,17.7,17.72,0.1128668171557538
2024-07-18T02:25:44+00:00,usd_mxn,17.7,17.72,0.1128668171557538
2024-07-18T02:25:45+00:00,usd_mxn,17.7,17.72,0.1128668171557538
2024-07-18T02:25:47+00:00,usd_mxn,17.69,17.72,0.1693002257336207
2024-07-18T02:25:48+00:00,usd_mxn,17.69,17.72,0.1693002257336207
2024-07-18T02:25:50+00:00,usd_mxn,17.69,17.72,0.1693002257336207
2024-07-18T02:25:51+00:00,usd_mxn,17.69,17.72,0.1693002257336207
2024-07-18T02:25:52+00:00,usd_mxn,17.69,17.72,0.1693002257336207
2024-07-18T02:25:54+00:00,usd_mxn,17.69,17.72,0.1693002257336207
2024-07-18T02:25:55+00:00,usd_mxn,17.69,17.72,0.1693002257336207
2024-07-18T02:25:57+00:00,usd_mxn,17.69,17.72,0.1693002257336207
2024-07-18T02:25:58+00:00,usd_mxn,17.69,17.72,0.1693002257336207
2024-07-18T02:25:59+00:00,usd_mxn,17.69,17.72,0.1693002257336207
2024-07-18T02:26:01+00:00,usd_mxn,17.69,17.72,0.1693002257336207
2024-07-18T02:26:02+00:00,usd_mxn,17.69,17.72,0.1693002257336207
2024-07-18T02:26:04+00:00,usd_mxn,17.69,17.72,0.1693002257336207
2024-07-18T02:26:05+00:00,usd_mxn,17.69,17.72,0.1693002257336207
2024-07-18T02:26:07+00:00,usd_mxn,17.69,17.72,0.1693002257336207
2024-07-18T02:26:08+00:00,usd_mxn,17.69,17.72,0.1693002257336207
2024-07-18T02:26:09+00:00,usd_mxn,17.69,17.72,0.1693002257336207
2024-07-18T02:26:11+00:00,usd_mxn,17.69,17.72,0.1693002257336207
2024-07-18T02:26:12+00:00,usd_mxn,17.69,17.72,0.1693002257336207
2024-07-18T02:26:13+00:00,usd_mxn,17.69,17.72,0.1693002257336207
2024-07-18T02:26:15+00:00,usd_mxn,17.69,17.72,0.1693002257336207
2024-07-18T02:26:16+00:00,usd_mxn,17.69,17.72,0.1693002257336207
2024-07-18T02:26:18+00:00,usd_mxn,17.69,17.72,0.1693002257336207
2024-07-18T02:26:19+00:00,usd_mxn,17.69,17.72,0.1693002257336207
2024-07-18T02:26:20+00:00,usd_mxn,17.69,17.72,0.1693002257336207
2024-07-18T02:26:22+00:00,usd_mxn,17.69,17.72,0.1693002257336207
2024-07-18T02:26:23+00:00,usd_mxn,17.69,17.72,0.1693002257336207
2024-07-18T02:26:25+00:00,usd_mxn,17.69,17.72,0.1693002257336207
2024-07-18T02:26:26+00:00,usd_mxn,17.69,17.72,0.1693002257336207
2024-07-18T02:26:27+00:00,usd_mxn,17.69,17.72,0.1693002257336207
2024-07-18T02:26:29+00:00,usd_mxn,17.69,17.72,0.1693002257336207
2024-07-18T02:26:30+00:00,usd_mxn,17.69,17.72,0.1693002257336207
2024-07-18T02:26:32+00:00,usd_mxn,17.69,17.72,0.1693002257336207
2024-07-18T02:26:33+00:00,usd_mxn,17.69,17.72,0.1693002257336207
2024-07-18T02:26:34+00:00,usd_mxn,17.69,17.72,0.1693002257336207
2024-07-18T02:26:36+00:00,usd_mxn,17.69,17.72,0.1693002257336207
2024-07-18T02:26:37+00:00,usd_mxn,17.69,17.72,0.1693002257336207
2024-07-18T02:26:39+00:00,usd_mxn,17.69,17.72,0.1693002257336207
2024-07-18T02:26:40+00:00,usd_mxn,17.69,17.72,0.1693002257336207
2024-07-18T02:26:41+00:00,usd_mxn,17.69,17.72,0.1693002257336207
2024-07-18T02:26:43+00:00,usd_mxn,17.69,17.72,0.1693002257336207
2024-07-18T02:26:44+00:00,usd_mxn,17.69,17.72,0.1693002257336207
2024-07-18T02:26:45+00:00,usd_mxn,17.69,17.72,0.1693002257336207
2024-07-18T02:26:47+00:00,usd_mxn,17.69,17.72,0.1693002257336207
2024-07-18T02:26:48+00:00,usd_mxn,17.69,17.72,0.1693002257336207
2024-07-18T02:26:50+00:00,usd_mxn,17.69,17.72,0.1693002257336207
2024-07-18T02:26:51+00:00,usd_mxn,17.69,17.72,0.1693002257336207
2024-07-18T02:26:52+00:00,usd_mxn,17.69,17.72,0.1693002257336207
2024-07-18T02:26:54+00:00,usd_mxn,17.69,17.72,0.1693002257336207
2024-07-18T02:26:55+00:00,usd_mxn,17.69,17.72,0.1693002257336207
2024-07-18T02:26:57+00:00,usd_mxn,17.69,17.72,0.1693002257336207
2024-07-18T02:26:58+00:00,usd_mxn,17.69,17.72,0.1693002257336207
2024-07-18T02:26:59+00:00,usd_mxn,17.69,17.72,0.1693002257336207
2024-07-18T02:27:01+00:00,usd_mxn,17.69,17.72,0.1693002257336207
2024-07-18T02:27:02+00:00,usd_mxn,17.69,17.72,0.1693002257336207
2024-07-18T02:27:04+00:00,usd_mxn,17.69,17.72,0.1693002257336207
2024-07-18T02:27:05+00:00,usd_mxn,17.69,17.72,0.1693002257336207
2024-07-18T02:27:07+00:00,usd_mxn,17.69,17.72,0.1693002257336207
2024-07-18T02:27:08+00:00,usd_mxn,17.69,17.72,0.1693002257336207
2024-07-18T02:27:09+00:00,usd_mxn,17.69,17.72,0.1693002257336207
2024-07-18T02:27:11+00:00,usd_mxn,17.69,17.72,0.1693002257336207
2024-07-18T02:27:12+00:00,usd_mxn,17.69,17.72,0.1693002257336207
2024-07-18T02:27:14+00:00,usd_mxn,17.69,17.72,0.1693002257336207
2024-07-18T02:27:15+00:00,usd_mxn,17.69,17.72,0.1693002257336207
2024-07-18T02:27:16+00:00,usd_mxn,17.69,17.72,0.1693002257336207
2024-07-18T02:27:18+00:00,usd_mxn,17.69,17.72,0.1693002257336207
2024-07-18T02:27:19+00:00,usd_mxn,17.69,17.72,0.1693002257336207
2024-07-18T02:27:20+00:00,usd_mxn,17.69,17.72,0.1693002257336207
2024-07-18T02:27:22+00:00,usd_mxn,17.69,17.72,0.1693002257336207
2024-07-18T02:27:23+00:00,usd_mxn,17.69,17.72,0.1693002257336207
2024-07-18T02:27:25+00:00,usd_mxn,17.69,17.72,0.1693002257336207
2024-07-18T02:27:26+00:00,usd_mxn,17.69,17.72,0.1693002257336207
2024-07-18T02:27:27+00:00,usd_mxn,17.69,17.72,0.1693002257336207
2024-07-18T02:27:29+00:00,usd_mxn,17.69,17.72,0.1693002257336207
2024-07-18T02:27:30+00:00,usd_mxn,17.69,17.72,0.1693002257336207
2024-07-18T02:27:32+00:00,usd_mxn,17.69,17.72,0.1693002257336207
2024-07-18T02:27:33+00:00,usd_mxn,17.69,17.72,0.1693002257336207
2024-07-18T02:27:34+00:00,usd_mxn,17.69,17.72,0.1693002257336207
2024-07-18T02:27:36+00:00,usd_mxn,17.69,17.72,0.1693002257336207
2024-07-18T02:27:37+00:00,usd_mxn,17.69,17.72,0.1693002257336207
2024-07-18T02:27:39+00:00,usd_mxn,17.69,17.72,0.1693002257336207
2024-07-18T02:27:40+00:00,usd_mxn,17.69,17.72,0.1693002257336207
2024-07-18T02:27:41+00:00,usd_mxn,17.69,17.72,0.1693002257336207
2024-07-18T02:27:43+00:00,usd_mxn,17.69,17.72,0.1693002257336207
2024-07-18T02:27:44+00:00,usd_mxn,17.69,17.72,0.1693002257336207
2024-07-18T02:27:45+00:00,usd_mxn,17.69,17.72,0.1693002257336207
2024-07-18T02:27:47+00:00,usd_mxn,17.69,17.72,0.1693002257336207
2024-07-18T02:27:48+00:00,usd_mxn,17.69,17.72,0.1693002257336207
2024-07-18T02:27:50+00:00,usd_mxn,17.69,17.72,0.1693002257336207
2024-07-18T02:27:51+00:00,usd_mxn,17.69,17.72,0.1693002257336207
2024-07-18T02:27:52+00:00,usd_mxn,17.69,17.72,0.1693002257336207
2024-07-18T02:27:54+00:00,usd_mxn,17.69,17.72,0.1693002257336207
2024-07-18T02:27:55+00:00,usd_mxn,17.7,17.72,0.1128668171557538
2024-07-18T02:27:57+00:00,usd_mxn,17.7,17.72,0.1128668171557538
2024-07-18T02:27:58+00:00,usd_mxn,17.7,17.72,0.1128668171557538
2024-07-18T02:27:59+00:00,usd_mxn,17.7,17.72,0.1128668171557538
2024-07-18T02:28:01+00:00,usd_mxn,17.7,17.72,0.1128668171557538
2024-07-18T02:28:02+00:00,usd_mxn,17.7,17.72,0.1128668171557538
2024-07-18T02:28:04+00:00,usd_mxn,17.7,17.72,0.1128668171557538
2024-07-18T02:28:05+00:00,usd_mxn,17.7,17.72,0.1128668171557538
2024-07-18T02:28:06+00:00,usd_mxn,17.7,17.72,0.1128668171557538
2024-07-18T02:28:08+00:00,usd_mxn,17.7,17.72,0.1128668171557538
2024-07-18T02:28:09+00:00,usd_mxn,17.7,17.72,0.1128668171557538
2024-07-18T02:28:11+00:00,usd_mxn,17.7,17.72,0.1128668171557538
2024-07-18T02:28:12+00:00,usd_mxn,17.7,17.72,0.1128668171557538
2024-07-18T02:28:13+00:00,usd_mxn,17.7,17.72,0.1128668171557538
2024-07-18T02:28:15+00:00,usd_mxn,17.7,17.72,0.1128668171557538
2024-07-18T02:28:16+00:00,usd_mxn,17.7,17.72,0.1128668171557538
2024-07-18T02:28:18+00:00,usd_mxn,17.7,17.72,0.1128668171557538
2024-07-18T02:28:19+00:00,usd_mxn,17.7,17.72,0.1128668171557538
2024-07-18T02:28:20+00:00,usd_mxn,17.7,17.72,0.1128668171557538
2024-07-18T02:28:22+00:00,usd_mxn,17.7,17.72,0.1128668171557538
2024-07-18T02:28:23+00:00,usd_mxn,17.7,17.72,0.1128668171557538
2024-07-18T02:28:25+00:00,usd_mxn,17.7,17.72,0.1128668171557538
2024-07-18T02:28:26+00:00,usd_mxn,17.7,17.72,0.1128668171557538
2024-07-18T02:28:27+00:00,usd_mxn,17.7,17.72,0.1128668171557538
2024-07-18T02:28:29+00:00,usd_mxn,17.7,17.72,0.1128668171557538
2024-07-18T02:28:30+00:00,usd_mxn,17.7,17.72,0.1128668171557538
2024-07-18T02:28:32+00:00,usd_mxn,17.7,17.72,0.1128668171557538
2024-07-18T02:28:33+00:00,usd_mxn,17.7,17.72,0.1128668171557538
2024-07-18T02:28:34+00:00,usd_mxn,17.7,17.72,0.1128668171557538
2024-07-18T02:28:36+00:00,usd_mxn,17.7,17.72,0.1128668171557538
2024-07-18T02:28:37+00:00,usd_mxn,17.7,17.72,0.1128668171557538
2024-07-18T02:28:39+00:00,usd_mxn,17.7,17.72,0.1128668171557538
2024-07-18T02:28:40+00:00,usd_mxn,17.7,17.72,0.1128668171557538
2024-07-18T02:28:41+00:00,usd_mxn,17.7,17.72,0.1128668171557538
2024-07-18T02:28:43+00:00,usd_mxn,17.7,17.72,0.1128668171557538
2024-07-18T02:28:44+00:00,usd_mxn,17.7,17.72,0.1128668171557538
2024-07-18T02:28:46+00:00,usd_mxn,17.7,17.72,0.1128668171557538
2024-07-18T02:28:47+00:00,usd_mxn,17.7,17.72,0.1128668171557538
2024-07-18T02:28:48+00:00,usd_mxn,17.7,17.72,0.1128668171557538
2024-07-18T02:28:50+00:00,usd_mxn,17.7,17.72,0.1128668171557538
2024-07-18T02:28:51+00:00,usd_mxn,17.7,17.72,0.1128668171557538
2024-07-18T02:28:53+00:00,usd_mxn,17.7,17.72,0.1128668171557538
2024-07-18T02:28:54+00:00,usd_mxn,17.7,17.72,0.1128668171557538
2024-07-18T02:28:56+00:00,usd_mxn,17.7,17.72,0.1128668171557538
2024-07-18T02:28:57+00:00,usd_mxn,17.7,17.72,0.1128668171557538
2024-07-18T02:28:58+00:00,usd_mxn,17.7,17.72,0.1128668171557538
2024-07-18T02:29:00+00:00,usd_mxn,17.7,17.72,0.1128668171557538
2024-07-18T02:29:01+00:00,usd_mxn,17.7,17.72,0.1128668171557538
2024-07-18T02:29:03+00:00,usd_mxn,17.7,17.72,0.1128668171557538
2024-07-18T02:29:04+00:00,usd_mxn,17.7,17.72,0.1128668171557538
2024-07-18T02:29:05+00:00,usd_mxn,17.7,17.72,0.1128668171557538
2024-07-18T02:29:07+00:00,usd_mxn,17.7,17.72,0.1128668171557538
2024-07-18T02:29:08+00:00,usd_mxn,17.7,17.72,0.1128668171557538
2024-07-18T02:29:10+00:00,usd_mxn,17.7,17.72,0.1128668171557538
2024-07-18T02:29:11+00:00,usd_mxn,17.7,17.72,0.1128668171557538
2024-07-18T02:29:12+00:00,usd_mxn,17.7,17.72,0.1128668171557538
2024-07-18T02:29:14+00:00,usd_mxn,17.7,17.72,0.1128668171557538
2024-07-18T02:29:15+00:00,usd_mxn,17.7,17.72,0.1128668171557538
2024-07-18T02:29:17+00:00,usd_mxn,17.7,17.72,0.1128668171557538
2024-07-18T02:29:18+00:00,usd_mxn,17.7,17.72,0.1128668171557538
2024-07-18T02:29:19+00:00,usd_mxn,17.7,17.72,0.1128668171557538
2024-07-18T02:29:21+00:00,usd_mxn,17.7,17.72,0.1128668171557538
2024-07-18T02:29:22+00:00,usd_mxn,17.7,17.72,0.1128668171557538
2024-07-18T02:29:24+00:00,usd_mxn,17.7,17.72,0.1128668171557538
2024-07-18T02:29:25+00:00,usd_mxn,17.7,17.72,0.1128668171557538
2024-07-18T02:29:26+00:00,usd_mxn,17.7,17.72,0.1128668171557538
2024-07-18T02:29:28+00:00,usd_mxn,17.7,17.72,0.1128668171557538
2024-07-18T02:29:29+00:00,usd_mxn,17.7,17.72,0.1128668171557538
2024-07-18T02:29:31+00:00,usd_mxn,17.7,17.72,0.1128668171557538
2024-07-18T02:29:32+00:00,usd_mxn,17.7,17.72,0.1128668171557538
2024-07-18T02:29:33+00:00,usd_mxn,17.7,17.72,0.1128668171557538
2024-07-18T02:29:35+00:00,usd_mxn,17.7,17.72,0.1128668171557538
2024-07-18T02:29:36+00:00,usd_mxn,17.7,17.72,0.1128668171557538
2024-07-18T02:29:38+00:00,usd_mxn,17.7,17.72,0.1128668171557538
2024-07-18T02:29:39+00:00,usd_mxn,17.7,17.72,0.1128668171557538
2024-07-18T02:29:40+00:00,usd_mxn,17.7,17.72,0.1128668171557538
2024-07-18T02:29:42+00:00,usd_mxn,17.7,17.72,0.1128668171557538
2024-07-18T02:29:43+00:00,usd_mxn,17.7,17.72,0.1128668171557538
2024-07-18T02:29:44+00:00,usd_mxn,17.7,17.72,0.1128668171557538
2024-07-18T02:29:46+00:00,usd_mxn,17.7,17.72,0.1128668171557538
2024-07-18T02:29:47+00:00,usd_mxn,17.7,17.72,0.1128668171557538
2024-07-18T02:29:49+00:00,usd_mxn,17.7,17.72,0.1128668171557538
2024-07-18T02:29:50+00:00,usd_mxn,17.7,17.72,0.1128668171557538
2024-07-18T02:29:51+00:00,usd_mxn,17.7,17.72,0.1128668171557538
2024-07-18T02:29:53+00:00,usd_mxn,17.7,17.72,0.1128668171557538
2024-07-18T02:29:54+00:00,usd_mxn,17.7,17.72,0.1128668171557538
2024-07-18T02:29:55+00:00,usd_mxn,17.7,17.72,0.1128668171557538
2024-07-18T02:29:57+00:00,usd_mxn,17.7,17.72,0.1128668171557538
2024-07-18T02:29:58+00:00,usd_mxn,17.7,17.72,0.1128668171557538
2024-07-18T02:30:00+00:00,usd_mxn,17.7,17.72,0.1128668171557538
2024-07-18T02:30:01+00:00,usd_mxn,17.7,17.72,0.1128668171557538
2024-07-18T02:30:02+00:00,usd_mxn,17.7,17.72,0.1128668171557538
2024-07-18T02:30:04+00:00,usd_mxn,17.7,17.72,0.1128668171557538
2024-07-18T02:30:05+00:00,usd_mxn,17.7,17.72,0.1128668171557538
2024-07-18T02:30:07+00:00,usd_mxn,17.7,17.72,0.1128668171557538
2024-07-18T02:30:08+00:00,usd_mxn,17.7,17.72,0.1128668171557538
2024-07-18T02:30:10+00:00,usd_mxn,17.7,17.72,0.1128668171557538
2024-07-18T02:30:11+00:00,usd_mxn,17.7,17.72,0.1128668171557538
2024-07-18T02:30:12+00:00,usd_mxn,17.7,17.72,0.1128668171557538
2024-07-18T02:30:14+00:00,usd_mxn,17.7,17.72,0.1128668171557538
2024-07-18T02:30:15+00:00,usd_mxn,17.7,17.72,0.1128668171557538
2024-07-18T02:30:17+00:00,usd_mxn,17.7,17.72,0.1128668171557538
2024-07-18T02:30:18+00:00,usd_mxn,17.7,17.72,0.1128668171557538
2024-07-18T02:30:19+00:00,usd_mxn,17.7,17.72,0.1128668171557538
2024-07-18T02:30:21+00:00,usd_mxn,17.7,17.72,0.1128668171557538
2024-07-18T02:30:22+00:00,usd_mxn,17.7,17.72,0.1128668171557538
2024-07-18T02:30:24+00:00,usd_mxn,17.7,17.72,0.1128668171557538
2024-07-18T02:30:25+00:00,usd_mxn,17.7,17.72,0.1128668171557538
2024-07-18T02:30:26+00:00,usd_mxn,17.7,17.72,0.1128668171557538
2024-07-18T02:30:28+00:00,usd_mxn,17.7,17.72,0.1128668171557538
2024-07-18T02:30:29+00:00,usd_mxn,17.7,17.72,0.1128668171557538
2024-07-18T02:30:30+00:00,usd_mxn,17.7,17.72,0.1128668171557538
2024-07-18T02:30:32+00:00,usd_mxn,17.7,17.72,0.1128668171557538
2024-07-18T02:30:33+00:00,usd_mxn,17.7,17.72,0.1128668171557538
2024-07-18T02:30:35+00:00,usd_mxn,17.7,17.72,0.1128668171557538
2024-07-18T02:30:36+00:00,usd_mxn,17.7,17.72,0.1128668171557538
2024-07-18T02:30:37+00:00,usd_mxn,17.7,17.72,0.1128668171557538
2024-07-18T02:30:39+00:00,usd_mxn,17.7,17.72,0.1128668171557538
2024-07-18T02:30:40+00:00,usd_mxn,17.7,17.72,0.1128668171557538
2024-07-18T02:30:42+00:00,usd_mxn,17.7,17.72,0.1128668171557538
2024-07-18T02:30:43+00:00,usd_mxn,17.7,17.72,0.1128668171557538
2024-07-18T02:30:44+00:00,usd_mxn,17.7,17.72,0.1128668171557538
2024-07-18T02:30:46+00:00,usd_mxn,17.7,17.72,0.1128668171557538
2024-07-18T02:30:47+00:00,usd_mxn,17.7,17.72,0.1128668171557538
2024-07-18T02:30:48+00:00,usd_mxn,17.7,17.72,0.1128668171557538
2024-07-18T02:30:50+00:00,usd_mxn,17.7,17.72,0.1128668171557538
2024-07-18T02:30:51+00:00,usd_mxn,17.7,17.72,0.1128668171557538
2024-07-18T02:30:53+00:00,usd_mxn,17.7,17.72,0.1128668171557538
2024-07-18T02:30:54+00:00,usd_mxn,17.7,17.72,0.1128668171557538
2024-07-18T02:30:55+00:00,usd_mxn,17.7,17.72,0.1128668171557538
2024-07-18T02:30:57+00:00,usd_mxn,17.7,17.72,0.1128668171557538
2024-07-18T02:30:58+00:00,usd_mxn,17.7,17.72,0.1128668171557538
2024-07-18T02:31:00+00:00,usd_mxn,17.7,17.72,0.1128668171557538
2024-07-18T02:31:01+00:00,usd_mxn,17.7,17.72,0.1128668171557538
2024-07-18T02:31:02+00:00,usd_mxn,17.7,17.72,0.1128668171557538
2024-07-18T02:31:04+00:00,usd_mxn,17.7,17.72,0.1128668171557538
2024-07-18T02:31:05+00:00,usd_mxn,17.7,17.72,0.1128668171557538
2024-07-18T02:31:07+00:00,usd_mxn,17.7,17.72,0.1128668171557538
2024-07-18T02:31:08+00:00,usd_mxn,17.7,17.72,0.1128668171557538
2024-07-18T02:31:09+00:00,usd_mxn,17.7,17.72,0.1128668171557538
2024-07-18T02:31:11+00:00,usd_mxn,17.7,17.72,0.1128668171557538
2024-07-18T02:31:12+00:00,usd_mxn,17.7,17.72,0.1128668171557538
2024-07-18T02:31:14+00:00,usd_mxn,17.7,17.72,0.1128668171557538
2024-07-18T02:31:15+00:00,usd_mxn,17.7,17.72,0.1128668171557538
2024-07-18T02:31:16+00:00,usd_mxn,17.7,17.72,0.1128668171557538
2024-07-18T02:31:18+00:00,usd_mxn,17.7,17.72,0.1128668171557538
2024-07-18T02:31:19+00:00,usd_mxn,17.7,17.72,0.1128668171557538
2024-07-18T02:31:21+00:00,usd_mxn,17.7,17.72,0.1128668171557538
2024-07-18T02:31:22+00:00,usd_mxn,17.7,17.72,0.1128668171557538
2024-07-18T02:31:23+00:00,usd_mxn,17.7,17.72,0.1128668171557538
2024-07-18T02:31:25+00:00,usd_mxn,17.7,17.72,0.1128668171557538
2024-07-18T02:31:26+00:00,usd_mxn,17.7,17.72,0.1128668171557538
2024-07-18T02:31:28+00:00,usd_mxn,17.7,17.72,0.1128668171557538
2024-07-18T02:31:29+00:00,usd_mxn,17.7,17.72,0.1128668171557538
2024-07-18T02:31:30+00:00,usd_mxn,17.7,17.72,0.1128668171557538
2024-07-18T02:31:32+00:00,usd_mxn,17.7,17.72,0.1128668171557538
2024-07-18T02:31:33+00:00,usd_mxn,17.7,17.72,0.1128668171557538
2024-07-18T02:31:35+00:00,usd_mxn,17.7,17.72,0.1128668171557538
2024-07-18T02:31:36+00:00,usd_mxn,17.7,17.72,0.1128668171557538
2024-07-18T02:31:37+00:00,usd_mxn,17.7,17.72,0.1128668171557538
2024-07-18T02:31:39+00:00,usd_mxn,17.7,17.72,0.1128668171557538
2024-07-18T02:31:40+00:00,usd_mxn,17.7,17.72,0.1128668171557538
2024-07-18T02:31:42+00:00,usd_mxn,17.7,17.72,0.1128668171557538
2024-07-18T02:31:43+00:00,usd_mxn,17.7,17.72,0.1128668171557538
2024-07-18T02:31:44+00:00,usd_mxn,17.7,17.72,0.1128668171557538
2024-07-18T02:31:46+00:00,usd_mxn,17.7,17.72,0.1128668171557538
2024-07-18T02:31:47+00:00,usd_mxn,17.7,17.72,0.1128668171557538
2024-07-18T02:31:48+00:00,usd_mxn,17.7,17.72,0.1128668171557538
2024-07-18T02:31:50+00:00,usd_mxn,17.7,17.72,0.1128668171557538
2024-07-18T02:31:51+00:00,usd_mxn,17.7,17.72,0.1128668171557538
2024-07-18T02:31:53+00:00,usd_mxn,17.7,17.72,0.1128668171557538
2024-07-18T02:31:54+00:00,usd_mxn,17.7,17.72,0.1128668171557538
2024-07-18T02:31:55+00:00,usd_mxn,17.7,17.72,0.1128668171557538
2024-07-18T02:31:57+00:00,usd_mxn,17.7,17.72,0.1128668171557538
2024-07-18T02:31:58+00:00,usd_mxn,17.7,17.72,0.1128668171557538
2024-07-18T02:32:00+00:00,usd_mxn,17.7,17.72,0.1128668171557538
2024-07-18T02:32:01+00:00,usd_mxn,17.7,17.72,0.1128668171557538
2024-07-18T02:32:02+00:00,usd_mxn,17.7,17.72,0.1128668171557538
2024-07-18T02:32:04+00:00,usd_mxn,17.7,17.72,0.1128668171557538
2024-07-18T02:32:05+00:00,usd_mxn,17.7,17.72,0.1128668171557538
2024-07-18T02:32:07+00:00,usd_mxn,17.7,17.72,0.1128668171557538
2024-07-18T02:32:08+00:00,usd_mxn,17.7,17.72,0.1128668171557538
2024-07-18T02:32:10+00:00,usd_mxn,17.7,17.72,0.1128668171557538
2024-07-18T02:32:11+00:00,usd_mxn,17.7,17.72,0.1128668171557538
2024-07-18T02:32:12+00:00,usd_mxn,17.7,17.72,0.1128668171557538
2024-07-18T02:32:14+00:00,usd_mxn,17.7,17.72,0.1128668171557538
2024-07-18T02:32:15+00:00,usd_mxn,17.7,17.72,0.1128668171557538
2024-07-18T02:32:17+00:00,usd_mxn,17.7,17.72,0.1128668171557538
2024-07-18T02:32:18+00:00,usd_mxn,17.7,17.72,0.1128668171557538
2024-07-18T02:32:19+00:00,usd_mxn,17.7,17.72,0.1128668171557538
2024-07-18T02:32:21+00:00,usd_mxn,17.7,17.72,0.1128668171557538
2024-07-18T02:32:22+00:00,usd_mxn,17.7,17.72,0.1128668171557538
2024-07-18T02:32:24+00:00,usd_mxn,17.7,17.72,0.1128668171557538
2024-07-18T02:32:25+00:00,usd_mxn,17.7,17.72,0.1128668171557538
2024-07-18T02:32:26+00:00,usd_mxn,17.7,17.72,0.1128668171557538
2024-07-18T02:32:28+00:00,usd_mxn,17.7,17.72,0.1128668171557538
2024-07-18T02:32:29+00:00,usd_mxn,17.7,17.72,0.1128668171557538
2024-07-18T02:32:31+00:00,usd_mxn,17.7,17.72,0.1128668171557538
2024-07-18T02:32:32+00:00,usd_mxn,17.7,17.72,0.1128668171557538
2024-07-18T02:32:33+00:00,usd_mxn,17.7,17.72,0.1128668171557538
2024-07-18T02:32:35+00:00,usd_mxn,17.7,17.72,0.1128668171557538
2024-07-18T02:32:36+00:00,usd_mxn,17.7,17.72,0.1128668171557538
2024-07-18T02:32:37+00:00,usd_mxn,17.7,17.72,0.1128668171557538
2024-07-18T02:32:39+00:00,usd_mxn,17.7,17.72,0.1128668171557538
2024-07-18T02:32:40+00:00,usd_mxn,17.7,17.72,0.1128668171557538
2024-07-18T02:32:42+00:00,usd_mxn,17.7,17.72,0.1128668171557538
2024-07-18T02:32:43+00:00,usd_mxn,17.7,17.72,0.1128668171557538
2024-07-18T02:32:44+00:00,usd_mxn,17.7,17.72,0.1128668171557538
2024-07-18T02:32:46+00:00,usd_mxn,17.7,17.72,0.1128668171557538
2024-07-18T02:32:47+00:00,usd_mxn,17.7,17.72,0.1128668171557538
2024-07-18T02:32:49+00:00,usd_mxn,17.7,17.72,0.1128668171557538
2024-07-18T02:32:50+00:00,usd_mxn,17.7,17.72,0.1128668171557538
2024-07-18T02:32:51+00:00,usd_mxn,17.7,17.72,0.1128668171557538
2024-07-18T02:32:53+00:00,usd_mxn,17.7,17.72,0.1128668171557538
2024-07-18T02:32:54+00:00,usd_mxn,17.7,17.72,0.1128668171557538
2024-07-18T02:32:56+00:00,usd_mxn,17.7,17.72,0.1128668171557538
2024-07-18T02:32:57+00:00,usd_mxn,17.7,17.72,0.1128668171557538
2024-07-18T02:32:58+00:00,usd_mxn,17.7,17.72,0.1128668171557538
2024-07-18T02:33:00+00:00,usd_mxn,17.7,17.72,0.1128668171557538
2024-07-18T02:33:01+00:00,usd_mxn,17.7,17.72,0.1128668171557538
2024-07-18T02:33:03+00:00,usd_mxn,17.7,17.72,0.1128668171557538
2024-07-18T02:33:04+00:00,usd_mxn,17.7,17.72,0.1128668171557538
2024-07-18T02:33:05+00:00,usd_mxn,17.7,17.72,0.1128668171557538
2024-07-18T02:33:07+00:00,usd_mxn,17.7,17.72,0.1128668171557538
2024-07-18T02:33:09+00:00,usd_mxn,17.7,17.72,0.1128668171557538
2024-07-18T02:33:10+00:00,usd_mxn,17.7,17.72,0.1128668171557538
2024-07-18T02:33:11+00:00,usd_mxn,17.7,17.72,0.1128668171557538
2024-07-18T02:33:13+00:00,usd_mxn,17.7,17.72,0.1128668171557538
2024-07-18T02:33:14+00:00,usd_mxn,17.7,17.72,0.1128668171557538
2024-07-18T02:33:16+00:00,usd_mxn,17.7,17.72,0.1128668171557538
2024-07-18T02:33:17+00:00,usd_mxn,17.7,17.72,0.1128668171557538
2024-07-18T02:33:18+00:00,usd_mxn,17.7,17.72,0.1128668171557538
2024-07-18T02:33:20+00:00,usd_mxn,17.7,17.72,0.1128668171557538
2024-07-18T02:33:21+00:00,usd_mxn,17.7,17.72,0.1128668171557538
2024-07-18T02:33:23+00:00,usd_mxn,17.7,17.72,0.1128668171557538
2024-07-18T02:33:24+00:00,usd_mxn,17.7,17.72,0.1128668171557538
2024-07-18T02:33:25+00:00,usd_mxn,17.7,17.72,0.1128668171557538
2024-07-18T02:33:27+00:00,usd_mxn,17.7,17.72,0.1128668171557538
2024-07-18T02:33:28+00:00,usd_mxn,17.7,17.72,0.1128668171557538
2024-07-18T02:33:30+00:00,usd_mxn,17.7,17.72,0.1128668171557538
2024-07-18T02:33:31+00:00,usd_mxn,17.7,17.72,0.1128668171557538
2024-07-18T02:33:32+00:00,usd_mxn,17.7,17.72,0.1128668171557538
2024-07-18T02:33:34+00:00,usd_mxn,17.7,17.72,0.1128668171557538
2024-07-18T02:33:35+00:00,usd_mxn,17.7,17.72,0.1128668171557538
2024-07-18T02:33:36+00:00,usd_mxn,17.7,17.72,0.1128668171557538
2024-07-18T02:33:38+00:00,usd_mxn,17.7,17.72,0.1128668171557538
2024-07-18T02:33:39+00:00,usd_mxn,17.7,17.72,0.1128668171557538
2024-07-18T02:33:41+00:00,usd_mxn,17.7,17.72,0.1128668171557538
2024-07-18T02:33:42+00:00,usd_mxn,17.7,17.72,0.1128668171557538
2024-07-18T02:33:43+00:00,usd_mxn,17.7,17.72,0.1128668171557538
2024-07-18T02:33:45+00:00,usd_mxn,17.7,17.72,0.1128668171557538
2024-07-18T02:33:46+00:00,usd_mxn,17.7,17.72,0.1128668171557538
2024-07-18T02:33:48+00:00,usd_mxn,17.7,17.72,0.1128668171557538
2024-07-18T02:33:49+00:00,usd_mxn,17.7,17.72,0.1128668171557538
2024-07-18T02:33:50+00:00,usd_mxn,17.7,17.72,0.1128668171557538
2024-07-18T02:33:52+00:00,usd_mxn,17.7,17.72,0.1128668171557538
2024-07-18T02:33:53+00:00,usd_mxn,17.7,17.72,0.1128668171557538
2024-07-18T02:33:55+00:00,usd_mxn,17.7,17.72,0.1128668171557538
2024-07-18T02:33:56+00:00,usd_mxn,17.7,17.72,0.1128668171557538
2024-07-18T02:33:57+00:00,usd_mxn,17.7,17.72,0.1128668171557538
2024-07-18T02:33:59+00:00,usd_mxn,17.7,17.72,0.1128668171557538
2024-07-18T02:34:00+00:00,usd_mxn,17.7,17.72,0.1128668171557538
2024-07-18T02:34:01+00:00,usd_mxn,17.7,17.72,0.1128668171557538
2024-07-18T02:34:03+00:00,usd_mxn,17.7,17.72,0.1128668171557538
2024-07-18T02:34:04+00:00,usd_mxn,17.7,17.72,0.1128668171557538
2024-07-18T02:34:06+00:00,usd_mxn,17.7,17.72,0.1128668171557538
2024-07-18T02:34:07+00:00,usd_mxn,17.7,17.72,0.1128668171557538
2024-07-18T02:34:08+00:00,usd_mxn,17.7,17.72,0.1128668171557538
2024-07-18T02:34:10+00:00,usd_mxn,17.7,17.72,0.1128668171557538
2024-07-18T02:34:11+00:00,usd_mxn,17.7,17.72,0.1128668171557538
2024-07-18T02:34:13+00:00,usd_mxn,17.7,17.72,0.1128668171557538
2024-07-18T02:34:14+00:00,usd_mxn,17.7,17.72,0.1128668171557538
2024-07-18T02:34:15+00:00,usd_mxn,17.7,17.72,0.1128668171557538
2024-07-18T02:34:17+00:00,usd_mxn,17.7,17.72,0.1128668171557538
2024-07-18T02:34:18+00:00,usd_mxn,17.7,17.72,0.1128668171557538
2024-07-18T02:34:20+00:00,usd_mxn,17.7,17.72,0.1128668171557538
2024-07-18T02:34:21+00:00,usd_mxn,17.7,17.72,0.1128668171557538
2024-07-18T02:34:22+00:00,usd_mxn,17.7,17.72,0.1128668171557538
2024-07-18T02:34:24+00:00,usd_mxn,17.7,17.72,0.1128668171557538
2024-07-18T02:34:25+00:00,usd_mxn,17.7,17.72,0.1128668171557538
2024-07-18T02:34:27+00:00,usd_mxn,17.7,17.72,0.1128668171557538
2024-07-18T02:34:28+00:00,usd_mxn,17.7,17.72,0.1128668171557538
2024-07-18T02:34:29+00:00,usd_mxn,17.7,17.72,0.1128668171557538
2024-07-18T02:34:31+00:00,usd_mxn,17.7,17.72,0.1128668171557538
2024-07-18T02:34:32+00:00,usd_mxn,17.7,17.72,0.1128668171557538
2024-07-18T02:34:34+00:00,usd_mxn,17.7,17.72,0.1128668171557538
2024-07-18T02:34:35+00:00,usd_mxn,17.7,17.72,0.1128668171557538
2024-07-18T02:34:36+00:00,usd_mxn,17.7,17.72,0.1128668171557538
2024-07-18T02:34:38+00:00,usd_mxn,17.7,17.72,0.1128668171557538
2024-07-18T02:34:39+00:00,usd_mxn,17.7,17.72,0.1128668171557538
2024-07-18T02:34:40+00:00,usd_mxn,17.7,17.72,0.1128668171557538
2024-07-18T02:34:42+00:00,usd_mxn,17.7,17.72,0.1128668171557538
2024-07-18T02:34:43+00:00,usd_mxn,17.7,17.72,0.1128668171557538
2024-07-18T02:34:45+00:00,usd_mxn,17.7,17.72,0.1128668171557538
2024-07-18T02:34:46+00:00,usd_mxn,17.7,17.72,0.1128668171557538
2024-07-18T02:34:47+00:00,usd_mxn,17.7,17.72,0.1128668171557538
2024-07-18T02:34:49+00:00,usd_mxn,17.7,17.72,0.1128668171557538
2024-07-18T02:34:50+00:00,usd_mxn,17.7,17.72,0.1128668171557538
2024-07-18T02:34:52+00:00,usd_mxn,17.7,17.72,0.1128668171557538
2024-07-18T02:34:53+00:00,usd_mxn,17.7,17.72,0.1128668171557538
2024-07-18T02:34:54+00:00,usd_mxn,17.7,17.72,0.1128668171557538
2024-07-18T02:34:56+00:00,usd_mxn,17.7,17.72,0.1128668171557538
2024-07-18T02:34:57+00:00,usd_mxn,17.7,17.72,0.1128668171557538
2024-07-18T02:34:58+00:00,usd_mxn,17.7,17.72,0.1128668171557538
2024-07-18T02:35:00+00:00,usd_mxn,17.7,17.72,0.1128668171557538
2024-07-18T02:35:01+00:00,usd_mxn,17.7,17.72,0.1128668171557538
2024-07-18T02:35:03+00:00,usd_mxn,17.7,17.72,0.1128668171557538
2024-07-18T02:35:04+00:00,usd_mxn,17.7,17.72,0.1128668171557538
2024-07-18T02:35:05+00:00,usd_mxn,17.7,17.72,0.1128668171557538
2024-07-18T02:35:07+00:00,usd_mxn,17.7,17.72,0.1128668171557538
2024-07-18T02:35:08+00:00,usd_mxn,17.7,17.72,0.1128668171557538
2024-07-18T02:35:10+00:00,usd_mxn,17.7,17.72,0.1128668171557538
2024-07-18T02:35:11+00:00,usd_mxn,17.7,17.72,0.1128668171557538
2024-07-18T02:35:12+00:00,usd_mxn,17.7,17.72,0.1128668171557538
2024-07-18T02:35:14+00:00,usd_mxn,17.7,17.72,0.1128668171557538
2024-07-18T02:35:15+00:00,usd_mxn,17.7,17.72,0.1128668171557538
2024-07-18T02:35:17+00:00,usd_mxn,17.7,17.72,0.1128668171557538
2024-07-18T02:35:18+00:00,usd_mxn,17.7,17.72,0.1128668171557538
2024-07-18T02:35:19+00:00,usd_mxn,17.7,17.72,0.1128668171557538
2024-07-18T02:35:21+00:00,usd_mxn,17.7,17.72,0.1128668171557538
2024-07-18T02:35:22+00:00,usd_mxn,17.7,17.72,0.1128668171557538
2024-07-18T02:35:23+00:00,usd_mxn,17.7,17.72,0.1128668171557538
2024-07-18T02:35:25+00:00,usd_mxn,17.7,17.72,0.1128668171557538
2024-07-18T02:35:26+00:00,usd_mxn,17.7,17.72,0.1128668171557538
2024-07-18T02:35:28+00:00,usd_mxn,17.7,17.72,0.1128668171557538
2024-07-18T02:35:29+00:00,usd_mxn,17.7,17.72,0.1128668171557538
2024-07-18T02:35:30+00:00,usd_mxn,17.7,17.72,0.1128668171557538
2024-07-18T02:35:32+00:00,usd_mxn,17.7,17.72,0.1128668171557538
2024-07-18T02:35:33+00:00,usd_mxn,17.7,17.72,0.1128668171557538
2024-07-18T02:35:35+00:00,usd_mxn,17.7,17.72,0.1128668171557538
2024-07-18T02:35:36+00:00,usd_mxn,17.7,17.72,0.1128668171557538
2024-07-18T02:35:37+00:00,usd_mxn,17.7,17.72,0.1128668171557538
2024-07-18T02:35:39+00:00,usd_mxn,17.7,17.72,0.1128668171557538
2024-07-18T02:35:40+00:00,usd_mxn,17.7,17.72,0.1128668171557538
2024-07-18T02:35:42+00:00,usd_mxn,17.7,17.72,0.1128668171557538
2024-07-18T02:35:43+00:00,usd_mxn,17.7,17.72,0.1128668171557538
2024-07-18T02:35:44+00:00,usd_mxn,17.7,17.72,0.1128668171557538
2024-07-18T02:35:46+00:00,usd_mxn,17.7,17.72,0.1128668171557538
2024-07-18T02:35:47+00:00,usd_mxn,17.7,17.72,0.1128668171557538
2024-07-18T02:35:48+00:00,usd_mxn,17.7,17.72,0.1128668171557538
2024-07-18T02:35:50+00:00,usd_mxn,17.7,17.72,0.1128668171557538
2024-07-18T02:35:51+00:00,usd_mxn,17.7,17.72,0.1128668171557538
2024-07-18T02:35:53+00:00,usd_mxn,17.7,17.72,0.1128668171557538
2024-07-18T02:35:54+00:00,usd_mxn,17.7,17.72,0.1128668171557538
2024-07-18T02:35:55+00:00,usd_mxn,17.7,17.72,0.1128668171557538
2024-07-18T02:35:57+00:00,usd_mxn,17.7,17.72,0.1128668171557538
2024-07-18T02:35:58+00:00,usd_mxn,17.7,17.72,0.1128668171557538
2024-07-18T02:36:00+00:00,usd_mxn,17.7,17.72,0.1128668171557538
2024-07-18T02:36:01+00:00,usd_mxn,17.7,17.72,0.1128668171557538
2024-07-18T02:36:02+00:00,usd_mxn,17.7,17.72,0.1128668171557538
2024-07-18T02:36:04+00:00,usd_mxn,17.7,17.72,0.1128668171557538
2024-07-18T02:36:05+00:00,usd_mxn,17.7,17.72,0.1128668171557538
2024-07-18T02:22:07+00:00,usd_mxn,17.7,17.72,0.1128668171557538
2024-07-18T02:22:08+00:00,usd_mxn,17.7,17.72,0.1128668171557538
2024-07-18T02:22:10+00:00,usd_mxn,17.7,17.72,0.1128668171557538
2024-07-18T02:22:11+00:00,usd_mxn,17.7,17.72,0.1128668171557538
2024-07-18T02:22:13+00:00,usd_mxn,17.7,17.72,0.1128668171557538
2024-07-18T02:22:14+00:00,usd_mxn,17.7,17.72,0.1128668171557538
2024-07-18T02:22:16+00:00,usd_mxn,17.7,17.72,0.1128668171557538
2024-07-18T02:22:17+00:00,usd_mxn,17.7,17.72,0.1128668171557538
2024-07-18T02:22:18+00:00,usd_mxn,17.7,17.72,0.1128668171557538
2024-07-18T02:22:20+00:00,usd_mxn,17.7,17.72,0.1128668171557538
2024-07-18T02:22:21+00:00,usd_mxn,17.7,17.72,0.1128668171557538
2024-07-18T02:22:23+00:00,usd_mxn,17.7,17.72,0.1128668171557538
2024-07-18T02:22:24+00:00,usd_mxn,17.7,17.72,0.1128668171557538
2024-07-18T02:22:07+00:00,usd_mxn,17.7,17.72,0.1128668171557538
2024-07-18T02:22:08+00:00,usd_mxn,17.7,17.72,0.1128668171557538
2024-07-18T02:22:25+00:00,usd_mxn,17.7,17.72,0.1128668171557538
2024-07-18T02:22:27+00:00,usd_mxn,17.7,17.72,0.1128668171557538
2024-07-18T02:22:10+00:00,usd_mxn,17.7,17.72,0.1128668171557538
2024-07-18T02:22:28+00:00,usd_mxn,17.7,17.72,0.1128668171557538
2024-07-18T02:22:11+00:00,usd_mxn,17.7,17.72,0.1128668171557538
2024-07-18T02:22:30+00:00,usd_mxn,17.7,17.72,0.1128668171557538
2024-07-18T02:22:13+00:00,usd_mxn,17.7,17.72,0.1128668171557538
2024-07-18T02:22:31+00:00,usd_mxn,17.7,17.72,0.1128668171557538
2024-07-18T02:22:14+00:00,usd_mxn,17.7,17.72,0.1128668171557538
2024-07-18T02:22:32+00:00,usd_mxn,17.7,17.72,0.1128668171557538
2024-07-18T02:22:15+00:00,usd_mxn,17.7,17.72,0.1128668171557538
2024-07-18T02:22:34+00:00,usd_mxn,17.7,17.72,0.1128668171557538
2024-07-18T02:22:17+00:00,usd_mxn,17.7,17.72,0.1128668171557538
2024-07-18T02:22:35+00:00,usd_mxn,17.7,17.72,0.1128668171557538
2024-07-18T02:22:18+00:00,usd_mxn,17.7,17.72,0.1128668171557538
2024-07-18T02:22:37+00:00,usd_mxn,17.7,17.72,0.1128668171557538
2024-07-18T02:22:20+00:00,usd_mxn,17.7,17.72,0.1128668171557538
2024-07-18T02:22:38+00:00,usd_mxn,17.7,17.72,0.1128668171557538
2024-07-18T02:22:21+00:00,usd_mxn,17.7,17.72,0.1128668171557538
2024-07-18T02:22:39+00:00,usd_mxn,17.7,17.72,0.1128668171557538
2024-07-18T02:22:23+00:00,usd_mxn,17.7,17.72,0.1128668171557538
2024-07-18T02:22:41+00:00,usd_mxn,17.7,17.72,0.1128668171557538
2024-07-18T02:22:24+00:00,usd_mxn,17.7,17.72,0.1128668171557538
2024-07-18T02:22:42+00:00,usd_mxn,17.7,17.72,0.1128668171557538
2024-07-18T02:22:25+00:00,usd_mxn,17.7,17.72,0.1128668171557538
2024-07-18T02:22:44+00:00,usd_mxn,17.7,17.72,0.1128668171557538
2024-07-18T02:22:27+00:00,usd_mxn,17.7,17.72,0.1128668171557538
2024-07-18T02:22:28+00:00,usd_mxn,17.7,17.72,0.1128668171557538
2024-07-18T02:22:45+00:00,usd_mxn,17.7,17.72,0.1128668171557538
2024-07-18T02:22:30+00:00,usd_mxn,17.7,17.72,0.1128668171557538
2024-07-18T02:22:46+00:00,usd_mxn,17.7,17.72,0.1128668171557538
2024-07-18T02:22:31+00:00,usd_mxn,17.7,17.72,0.1128668171557538
2024-07-18T02:22:48+00:00,usd_mxn,17.7,17.72,0.1128668171557538
2024-07-18T02:22:32+00:00,usd_mxn,17.7,17.72,0.1128668171557538
2024-07-18T02:22:49+00:00,usd_mxn,17.7,17.72,0.1128668171557538
2024-07-18T02:22:34+00:00,usd_mxn,17.7,17.72,0.1128668171557538
2024-07-18T02:22:51+00:00,usd_mxn,17.7,17.72,0.1128668171557538
2024-07-18T02:22:35+00:00,usd_mxn,17.7,17.72,0.1128668171557538
2024-07-18T02:22:52+00:00,usd_mxn,17.7,17.72,0.1128668171557538
2024-07-18T02:22:36+00:00,usd_mxn,17.7,17.72,0.1128668171557538
2024-07-18T02:22:53+00:00,usd_mxn,17.7,17.72,0.1128668171557538
2024-07-18T02:22:38+00:00,usd_mxn,17.7,17.72,0.1128668171557538
2024-07-18T02:22:55+00:00,usd_mxn,17.7,17.72,0.1128668171557538
2024-07-18T02:22:39+00:00,usd_mxn,17.7,17.72,0.1128668171557538
2024-07-18T02:22:56+00:00,usd_mxn,17.7,17.72,0.1128668171557538
2024-07-18T02:22:41+00:00,usd_mxn,17.7,17.72,0.1128668171557538
2024-07-18T02:22:58+00:00,usd_mxn,17.7,17.72,0.1128668171557538
2024-07-18T02:22:42+00:00,usd_mxn,17.7,17.72,0.1128668171557538
2024-07-18T02:22:59+00:00,usd_mxn,17.7,17.72,0.1128668171557538
2024-07-18T02:22:43+00:00,usd_mxn,17.7,17.72,0.1128668171557538
2024-07-18T02:23:01+00:00,usd_mxn,17.7,17.72,0.1128668171557538
2024-07-18T02:22:45+00:00,usd_mxn,17.7,17.72,0.1128668171557538
2024-07-18T02:23:02+00:00,usd_mxn,17.7,17.72,0.1128668171557538
2024-07-18T02:22:46+00:00,usd_mxn,17.7,17.72,0.1128668171557538
2024-07-18T02:23:04+00:00,usd_mxn,17.7,17.72,0.1128668171557538
2024-07-18T02:22:48+00:00,usd_mxn,17.7,17.72,0.1128668171557538
2024-07-18T02:23:05+00:00,usd_mxn,17.7,17.72,0.1128668171557538
2024-07-18T02:22:49+00:00,usd_mxn,17.7,17.72,0.1128668171557538
2024-07-18T02:23:07+00:00,usd_mxn,17.7,17.72,0.1128668171557538
2024-07-18T02:22:51+00:00,usd_mxn,17.7,17.72,0.1128668171557538
2024-07-18T02:23:08+00:00,usd_mxn,17.7,17.72,0.1128668171557538
2024-07-18T02:22:52+00:00,usd_mxn,17.7,17.72,0.1128668171557538
2024-07-18T02:23:10+00:00,usd_mxn,17.7,17.72,0.1128668171557538
2024-07-18T02:22:53+00:00,usd_mxn,17.7,17.72,0.1128668171557538
2024-07-18T02:23:11+00:00,usd_mxn,17.7,17.72,0.1128668171557538
2024-07-18T02:22:55+00:00,usd_mxn,17.7,17.72,0.1128668171557538
2024-07-18T02:23:13+00:00,usd_mxn,17.7,17.72,0.1128668171557538
2024-07-18T02:22:56+00:00,usd_mxn,17.7,17.72,0.1128668171557538
2024-07-18T02:23:14+00:00,usd_mxn,17.7,17.72,0.1128668171557538
2024-07-18T02:22:58+00:00,usd_mxn,17.7,17.72,0.1128668171557538
2024-07-18T02:23:15+00:00,usd_mxn,17.7,17.72,0.1128668171557538
2024-07-18T02:23:00+00:00,usd_mxn,17.7,17.72,0.1128668171557538
2024-07-18T02:23:17+00:00,usd_mxn,17.7,17.72,0.1128668171557538
2024-07-18T02:23:01+00:00,usd_mxn,17.7,17.72,0.1128668171557538
2024-07-18T02:23:18+00:00,usd_mxn,17.7,17.72,0.1128668171557538
2024-07-18T02:23:02+00:00,usd_mxn,17.7,17.72,0.1128668171557538
2024-07-18T02:23:20+00:00,usd_mxn,17.7,17.72,0.1128668171557538
2024-07-18T02:23:04+00:00,usd_mxn,17.7,17.72,0.1128668171557538
2024-07-18T02:23:21+00:00,usd_mxn,17.7,17.72,0.1128668171557538
2024-07-18T02:23:05+00:00,usd_mxn,17.7,17.72,0.1128668171557538
2024-07-18T02:23:22+00:00,usd_mxn,17.7,17.72,0.1128668171557538
2024-07-18T02:23:07+00:00,usd_mxn,17.7,17.72,0.1128668171557538
2024-07-18T02:23:24+00:00,usd_mxn,17.7,17.72,0.1128668171557538
2024-07-18T02:23:08+00:00,usd_mxn,17.7,17.72,0.1128668171557538
2024-07-18T02:23:25+00:00,usd_mxn,17.7,17.72,0.1128668171557538
2024-07-18T02:23:10+00:00,usd_mxn,17.7,17.72,0.1128668171557538
2024-07-18T02:23:27+00:00,usd_mxn,17.7,17.72,0.1128668171557538
2024-07-18T02:23:11+00:00,usd_mxn,17.7,17.72,0.1128668171557538
2024-07-18T02:23:28+00:00,usd_mxn,17.7,17.72,0.1128668171557538
2024-07-18T02:23:12+00:00,usd_mxn,17.7,17.72,0.1128668171557538
2024-07-18T02:23:29+00:00,usd_mxn,17.7,17.72,0.1128668171557538
2024-07-18T02:23:14+00:00,usd_mxn,17.7,17.72,0.1128668171557538
2024-07-18T02:23:31+00:00,usd_mxn,17.7,17.72,0.1128668171557538
2024-07-18T02:23:15+00:00,usd_mxn,17.7,17.72,0.1128668171557538
2024-07-18T02:23:32+00:00,usd_mxn,17.7,17.72,0.1128668171557538
2024-07-18T02:23:17+00:00,usd_mxn,17.7,17.72,0.1128668171557538
2024-07-18T02:23:34+00:00,usd_mxn,17.7,17.72,0.1128668171557538
2024-07-18T02:23:18+00:00,usd_mxn,17.7,17.72,0.1128668171557538
2024-07-18T02:23:35+00:00,usd_mxn,17.7,17.72,0.1128668171557538
2024-07-18T02:23:20+00:00,usd_mxn,17.7,17.72,0.1128668171557538
2024-07-18T02:23:37+00:00,usd_mxn,17.7,17.72,0.1128668171557538
2024-07-18T02:23:21+00:00,usd_mxn,17.7,17.72,0.1128668171557538
2024-07-18T02:23:38+00:00,usd_mxn,17.7,17.72,0.1128668171557538
2024-07-18T02:23:22+00:00,usd_mxn,17.7,17.72,0.1128668171557538
2024-07-18T02:23:39+00:00,usd_mxn,17.7,17.72,0.1128668171557538
2024-07-18T02:23:24+00:00,usd_mxn,17.7,17.72,0.1128668171557538
2024-07-18T02:23:41+00:00,usd_mxn,17.7,17.72,0.1128668171557538
2024-07-18T02:23:25+00:00,usd_mxn,17.7,17.72,0.1128668171557538
2024-07-18T02:23:42+00:00,usd_mxn,17.7,17.72,0.1128668171557538
2024-07-18T02:23:27+00:00,usd_mxn,17.7,17.72,0.1128668171557538
2024-07-18T02:23:44+00:00,usd_mxn,17.7,17.72,0.1128668171557538
2024-07-18T02:23:28+00:00,usd_mxn,17.7,17.72,0.1128668171557538
2024-07-18T02:23:45+00:00,usd_mxn,17.7,17.72,0.1128668171557538
2024-07-18T02:23:29+00:00,usd_mxn,17.7,17.72,0.1128668171557538
2024-07-18T02:23:46+00:00,usd_mxn,17.7,17.72,0.1128668171557538
2024-07-18T02:23:48+00:00,usd_mxn,17.7,17.72,0.1128668171557538
2024-07-18T02:23:31+00:00,usd_mxn,17.7,17.72,0.1128668171557538
2024-07-18T02:23:32+00:00,usd_mxn,17.7,17.72,0.1128668171557538
2024-07-18T02:23:49+00:00,usd_mxn,17.7,17.72,0.1128668171557538
2024-07-18T02:23:34+00:00,usd_mxn,17.7,17.72,0.1128668171557538
2024-07-18T02:23:51+00:00,usd_mxn,17.7,17.72,0.1128668171557538
2024-07-18T02:23:35+00:00,usd_mxn,17.7,17.72,0.1128668171557538
2024-07-18T02:23:52+00:00,usd_mxn,17.7,17.72,0.1128668171557538
2024-07-18T02:23:37+00:00,usd_mxn,17.7,17.72,0.1128668171557538
2024-07-18T02:23:53+00:00,usd_mxn,17.7,17.72,0.1128668171557538
2024-07-18T02:23:38+00:00,usd_mxn,17.7,17.72,0.1128668171557538
2024-07-18T02:23:55+00:00,usd_mxn,17.7,17.72,0.1128668171557538
2024-07-18T02:23:39+00:00,usd_mxn,17.7,17.72,0.1128668171557538
2024-07-18T02:23:56+00:00,usd_mxn,17.7,17.72,0.1128668171557538
2024-07-18T02:23:41+00:00,usd_mxn,17.7,17.72,0.1128668171557538
2024-07-18T02:23:58+00:00,usd_mxn,17.7,17.72,0.1128668171557538
2024-07-18T02:23:42+00:00,usd_mxn,17.7,17.72,0.1128668171557538
2024-07-18T02:23:59+00:00,usd_mxn,17.7,17.72,0.1128668171557538
2024-07-18T02:23:44+00:00,usd_mxn,17.7,17.72,0.1128668171557538
2024-07-18T02:24:00+00:00,usd_mxn,17.7,17.72,0.1128668171557538
2024-07-18T02:23:45+00:00,usd_mxn,17.7,17.72,0.1128668171557538
2024-07-18T02:24:02+00:00,usd_mxn,17.7,17.72,0.1128668171557538
2024-07-18T02:23:46+00:00,usd_mxn,17.7,17.72,0.1128668171557538
2024-07-18T02:24:03+00:00,usd_mxn,17.7,17.72,0.1128668171557538
2024-07-18T02:23:48+00:00,usd_mxn,17.7,17.72,0.1128668171557538
2024-07-18T02:24:05+00:00,usd_mxn,17.7,17.72,0.1128668171557538
2024-07-18T02:23:49+00:00,usd_mxn,17.7,17.72,0.1128668171557538
2024-07-18T02:24:06+00:00,usd_mxn,17.7,17.72,0.1128668171557538
2024-07-18T02:23:51+00:00,usd_mxn,17.7,17.72,0.1128668171557538
2024-07-18T02:24:08+00:00,usd_mxn,17.7,17.72,0.1128668171557538
2024-07-18T02:23:52+00:00,usd_mxn,17.7,17.72,0.1128668171557538
2024-07-18T02:24:09+00:00,usd_mxn,17.7,17.72,0.1128668171557538
2024-07-18T02:23:53+00:00,usd_mxn,17.7,17.72,0.1128668171557538
2024-07-18T02:24:11+00:00,usd_mxn,17.7,17.72,0.1128668171557538
2024-07-18T02:23:55+00:00,usd_mxn,17.7,17.72,0.1128668171557538
2024-07-18T02:24:12+00:00,usd_mxn,17.7,17.72,0.1128668171557538
2024-07-18T02:23:56+00:00,usd_mxn,17.7,17.72,0.1128668171557538
2024-07-18T02:24:13+00:00,usd_mxn,17.7,17.72,0.1128668171557538
2024-07-18T02:23:58+00:00,usd_mxn,17.7,17.72,0.1128668171557538
2024-07-18T02:24:15+00:00,usd_mxn,17.7,17.72,0.1128668171557538
2024-07-18T02:23:59+00:00,usd_mxn,17.7,17.72,0.1128668171557538
2024-07-18T02:24:16+00:00,usd_mxn,17.7,17.72,0.1128668171557538
2024-07-18T02:24:00+00:00,usd_mxn,17.7,17.72,0.1128668171557538
2024-07-18T02:24:18+00:00,usd_mxn,17.7,17.72,0.1128668171557538
2024-07-18T02:24:02+00:00,usd_mxn,17.7,17.72,0.1128668171557538
2024-07-18T02:24:19+00:00,usd_mxn,17.7,17.72,0.1128668171557538
2024-07-18T02:24:03+00:00,usd_mxn,17.7,17.72,0.1128668171557538
2024-07-18T02:24:20+00:00,usd_mxn,17.7,17.72,0.1128668171557538
2024-07-18T02:24:05+00:00,usd_mxn,17.7,17.72,0.1128668171557538
2024-07-18T02:24:22+00:00,usd_mxn,17.7,17.72,0.1128668171557538
2024-07-18T02:24:06+00:00,usd_mxn,17.7,17.72,0.1128668171557538
2024-07-18T02:24:23+00:00,usd_mxn,17.7,17.72,0.1128668171557538
2024-07-18T02:24:25+00:00,usd_mxn,17.7,17.72,0.1128668171557538
2024-07-18T02:24:08+00:00,usd_mxn,17.7,17.72,0.1128668171557538
2024-07-18T02:24:26+00:00,usd_mxn,17.7,17.72,0.1128668171557538
2024-07-18T02:24:09+00:00,usd_mxn,17.7,17.72,0.1128668171557538
2024-07-18T02:24:27+00:00,usd_mxn,17.7,17.72,0.1128668171557538
2024-07-18T02:24:10+00:00,usd_mxn,17.7,17.72,0.1128668171557538
2024-07-18T02:24:29+00:00,usd_mxn,17.7,17.72,0.1128668171557538
2024-07-18T02:24:12+00:00,usd_mxn,17.7,17.72,0.1128668171557538
2024-07-18T02:24:13+00:00,usd_mxn,17.7,17.72,0.1128668171557538
2024-07-18T02:24:30+00:00,usd_mxn,17.7,17.72,0.1128668171557538
2024-07-18T02:24:15+00:00,usd_mxn,17.7,17.72,0.1128668171557538
2024-07-18T02:24:32+00:00,usd_mxn,17.7,17.72,0.1128668171557538
2024-07-18T02:24:16+00:00,usd_mxn,17.7,17.72,0.1128668171557538
2024-07-18T02:24:33+00:00,usd_mxn,17.7,17.72,0.1128668171557538
2024-07-18T02:24:17+00:00,usd_mxn,17.7,17.72,0.1128668171557538
2024-07-18T02:24:35+00:00,usd_mxn,17.7,17.72,0.1128668171557538
2024-07-18T02:24:19+00:00,usd_mxn,17.7,17.72,0.1128668171557538
2024-07-18T02:24:36+00:00,usd_mxn,17.7,17.72,0.1128668171557538
2024-07-18T02:24:20+00:00,usd_mxn,17.7,17.72,0.1128668171557538
2024-07-18T02:24:37+00:00,usd_mxn,17.7,17.72,0.1128668171557538
2024-07-18T02:24:22+00:00,usd_mxn,17.7,17.72,0.1128668171557538
2024-07-18T02:24:39+00:00,usd_mxn,17.7,17.72,0.1128668171557538
2024-07-18T02:24:23+00:00,usd_mxn,17.7,17.72,0.1128668171557538
2024-07-18T02:24:40+00:00,usd_mxn,17.7,17.72,0.1128668171557538
2024-07-18T02:24:25+00:00,usd_mxn,17.7,17.72,0.1128668171557538
2024-07-18T02:24:42+00:00,usd_mxn,17.7,17.72,0.1128668171557538
2024-07-18T02:24:26+00:00,usd_mxn,17.7,17.72,0.1128668171557538
2024-07-18T02:24:43+00:00,usd_mxn,17.7,17.72,0.1128668171557538
2024-07-18T02:24:27+00:00,usd_mxn,17.7,17.72,0.1128668171557538
2024-07-18T02:24:45+00:00,usd_mxn,17.7,17.72,0.1128668171557538
2024-07-18T02:24:29+00:00,usd_mxn,17.7,17.72,0.1128668171557538
2024-07-18T02:24:46+00:00,usd_mxn,17.7,17.72,0.1128668171557538
2024-07-18T02:24:30+00:00,usd_mxn,17.7,17.72,0.1128668171557538
2024-07-18T02:24:47+00:00,usd_mxn,17.7,17.72,0.1128668171557538
2024-07-18T02:24:31+00:00,usd_mxn,17.7,17.72,0.1128668171557538
2024-07-18T02:24:49+00:00,usd_mxn,17.7,17.72,0.1128668171557538
2024-07-18T02:24:33+00:00,usd_mxn,17.7,17.72,0.1128668171557538
2024-07-18T02:24:50+00:00,usd_mxn,17.7,17.72,0.1128668171557538
2024-07-18T02:24:34+00:00,usd_mxn,17.7,17.72,0.1128668171557538
2024-07-18T02:24:52+00:00,usd_mxn,17.7,17.72,0.1128668171557538
2024-07-18T02:24:36+00:00,usd_mxn,17.7,17.72,0.1128668171557538
2024-07-18T02:24:53+00:00,usd_mxn,17.7,17.72,0.1128668171557538
2024-07-18T02:24:37+00:00,usd_mxn,17.7,17.72,0.1128668171557538
2024-07-18T02:24:54+00:00,usd_mxn,17.7,17.72,0.1128668171557538
2024-07-18T02:24:38+00:00,usd_mxn,17.7,17.72,0.1128668171557538
2024-07-18T02:24:56+00:00,usd_mxn,17.7,17.72,0.1128668171557538
2024-07-18T02:24:40+00:00,usd_mxn,17.7,17.72,0.1128668171557538
2024-07-18T02:24:57+00:00,usd_mxn,17.7,17.72,0.1128668171557538
2024-07-18T02:24:41+00:00,usd_mxn,17.7,17.72,0.1128668171557538
2024-07-18T02:24:59+00:00,usd_mxn,17.7,17.72,0.1128668171557538
2024-07-18T02:24:43+00:00,usd_mxn,17.7,17.72,0.1128668171557538
2024-07-18T02:25:00+00:00,usd_mxn,17.7,17.72,0.1128668171557538
2024-07-18T02:24:44+00:00,usd_mxn,17.7,17.72,0.1128668171557538
2024-07-18T02:25:01+00:00,usd_mxn,17.7,17.72,0.1128668171557538
2024-07-18T02:24:45+00:00,usd_mxn,17.7,17.72,0.1128668171557538
2024-07-18T02:25:03+00:00,usd_mxn,17.7,17.72,0.1128668171557538
2024-07-18T02:24:47+00:00,usd_mxn,17.7,17.72,0.1128668171557538
2024-07-18T02:25:04+00:00,usd_mxn,17.7,17.72,0.1128668171557538
2024-07-18T02:24:48+00:00,usd_mxn,17.7,17.72,0.1128668171557538
2024-07-18T02:25:05+00:00,usd_mxn,17.7,17.72,0.1128668171557538
2024-07-18T02:24:50+00:00,usd_mxn,17.7,17.72,0.1128668171557538
2024-07-18T02:25:07+00:00,usd_mxn,17.7,17.72,0.1128668171557538
2024-07-18T02:24:51+00:00,usd_mxn,17.7,17.72,0.1128668171557538
2024-07-18T02:25:08+00:00,usd_mxn,17.7,17.72,0.1128668171557538
2024-07-18T02:24:52+00:00,usd_mxn,17.7,17.72,0.1128668171557538
2024-07-18T02:25:10+00:00,usd_mxn,17.7,17.72,0.1128668171557538
2024-07-18T02:24:54+00:00,usd_mxn,17.7,17.72,0.1128668171557538
2024-07-18T02:25:11+00:00,usd_mxn,17.7,17.72,0.1128668171557538
2024-07-18T02:24:55+00:00,usd_mxn,17.7,17.72,0.1128668171557538
2024-07-18T02:25:12+00:00,usd_mxn,17.7,17.72,0.1128668171557538
2024-07-18T02:24:57+00:00,usd_mxn,17.7,17.72,0.1128668171557538
2024-07-18T02:25:14+00:00,usd_mxn,17.7,17.72,0.1128668171557538
2024-07-18T02:24:58+00:00,usd_mxn,17.7,17.72,0.1128668171557538
2024-07-18T02:25:15+00:00,usd_mxn,17.7,17.72,0.1128668171557538
2024-07-18T02:24:59+00:00,usd_mxn,17.7,17.72,0.1128668171557538
2024-07-18T02:25:17+00:00,usd_mxn,17.7,17.72,0.1128668171557538
2024-07-18T02:25:01+00:00,usd_mxn,17.7,17.72,0.1128668171557538
2024-07-18T02:25:18+00:00,usd_mxn,17.7,17.72,0.1128668171557538
2024-07-18T02:25:02+00:00,usd_mxn,17.7,17.72,0.1128668171557538
2024-07-18T02:25:19+00:00,usd_mxn,17.7,17.72,0.1128668171557538
2024-07-18T02:25:04+00:00,usd_mxn,17.7,17.72,0.1128668171557538
2024-07-18T02:25:21+00:00,usd_mxn,17.7,17.72,0.1128668171557538
2024-07-18T02:25:05+00:00,usd_mxn,17.7,17.72,0.1128668171557538
2024-07-18T02:25:22+00:00,usd_mxn,17.7,17.72,0.1128668171557538
2024-07-18T02:25:07+00:00,usd_mxn,17.7,17.72,0.1128668171557538
2024-07-18T02:25:24+00:00,usd_mxn,17.7,17.72,0.1128668171557538
2024-07-18T02:25:08+00:00,usd_mxn,17.7,17.72,0.1128668171557538
2024-07-18T02:25:25+00:00,usd_mxn,17.7,17.72,0.1128668171557538
2024-07-18T02:25:09+00:00,usd_mxn,17.7,17.72,0.1128668171557538
2024-07-18T02:25:26+00:00,usd_mxn,17.7,17.72,0.1128668171557538
2024-07-18T02:25:11+00:00,usd_mxn,17.7,17.72,0.1128668171557538
2024-07-18T02:25:28+00:00,usd_mxn,17.7,17.72,0.1128668171557538
2024-07-18T02:25:12+00:00,usd_mxn,17.7,17.72,0.1128668171557538
2024-07-18T02:25:29+00:00,usd_mxn,17.7,17.72,0.1128668171557538
2024-07-18T02:25:14+00:00,usd_mxn,17.7,17.72,0.1128668171557538
2024-07-18T02:25:31+00:00,usd_mxn,17.7,17.72,0.1128668171557538
2024-07-18T02:25:15+00:00,usd_mxn,17.7,17.72,0.1128668171557538
2024-07-18T02:25:32+00:00,usd_mxn,17.7,17.72,0.1128668171557538
2024-07-18T02:25:16+00:00,usd_mxn,17.7,17.72,0.1128668171557538
2024-07-18T02:25:33+00:00,usd_mxn,17.7,17.72,0.1128668171557538
2024-07-18T02:25:18+00:00,usd_mxn,17.7,17.72,0.1128668171557538
2024-07-18T02:25:35+00:00,usd_mxn,17.7,17.72,0.1128668171557538
2024-07-18T02:25:19+00:00,usd_mxn,17.7,17.72,0.1128668171557538
2024-07-18T02:25:36+00:00,usd_mxn,17.7,17.72,0.1128668171557538
2024-07-18T02:25:21+00:00,usd_mxn,17.7,17.72,0.1128668171557538
2024-07-18T02:25:37+00:00,usd_mxn,17.7,17.72,0.1128668171557538
2024-07-18T02:25:22+00:00,usd_mxn,17.7,17.72,0.1128668171557538
2024-07-18T02:25:39+00:00,usd_mxn,17.7,17.72,0.1128668171557538
2024-07-18T02:25:23+00:00,usd_mxn,17.7,17.72,0.1128668171557538
2024-07-18T02:25:40+00:00,usd_mxn,17.7,17.72,0.1128668171557538
2024-07-18T02:25:25+00:00,usd_mxn,17.7,17.72,0.1128668171557538
2024-07-18T02:25:42+00:00,usd_mxn,17.7,17.72,0.1128668171557538
2024-07-18T02:25:26+00:00,usd_mxn,17.7,17.72,0.1128668171557538
2024-07-18T02:25:43+00:00,usd_mxn,17.7,17.72,0.1128668171557538
2024-07-18T02:25:27+00:00,usd_mxn,17.7,17.72,0.1128668171557538
2024-07-18T02:25:44+00:00,usd_mxn,17.7,17.72,0.1128668171557538
2024-07-18T02:25:29+00:00,usd_mxn,17.7,17.72,0.1128668171557538
2024-07-18T02:25:46+00:00,usd_mxn,17.69,17.72,0.1693002257336207
2024-07-18T02:25:30+00:00,usd_mxn,17.7,17.72,0.1128668171557538
2024-07-18T02:25:47+00:00,usd_mxn,17.69,17.72,0.1693002257336207
2024-07-18T02:25:32+00:00,usd_mxn,17.7,17.72,0.1128668171557538
2024-07-18T02:25:49+00:00,usd_mxn,17.69,17.72,0.1693002257336207
2024-07-18T02:25:33+00:00,usd_mxn,17.7,17.72,0.1128668171557538
2024-07-18T02:25:50+00:00,usd_mxn,17.69,17.72,0.1693002257336207
2024-07-18T02:25:34+00:00,usd_mxn,17.7,17.72,0.1128668171557538
2024-07-18T02:25:51+00:00,usd_mxn,17.69,17.72,0.1693002257336207
2024-07-18T02:25:36+00:00,usd_mxn,17.7,17.72,0.1128668171557538
2024-07-18T02:25:53+00:00,usd_mxn,17.69,17.72,0.1693002257336207
2024-07-18T02:25:37+00:00,usd_mxn,17.7,17.72,0.1128668171557538
2024-07-18T02:25:54+00:00,usd_mxn,17.69,17.72,0.1693002257336207
2024-07-18T02:25:39+00:00,usd_mxn,17.7,17.72,0.1128668171557538
2024-07-18T02:25:56+00:00,usd_mxn,17.69,17.72,0.1693002257336207
2024-07-18T02:25:40+00:00,usd_mxn,17.7,17.72,0.1128668171557538
2024-07-18T02:25:57+00:00,usd_mxn,17.69,17.72,0.1693002257336207
2024-07-18T02:25:41+00:00,usd_mxn,17.7,17.72,0.1128668171557538
2024-07-18T02:25:59+00:00,usd_mxn,17.69,17.72,0.1693002257336207
2024-07-18T02:25:43+00:00,usd_mxn,17.7,17.72,0.1128668171557538
2024-07-18T02:26:00+00:00,usd_mxn,17.69,17.72,0.1693002257336207
2024-07-18T02:25:44+00:00,usd_mxn,17.7,17.72,0.1128668171557538
2024-07-18T02:26:01+00:00,usd_mxn,17.69,17.72,0.1693002257336207
2024-07-18T02:25:46+00:00,usd_mxn,17.69,17.72,0.1693002257336207
2024-07-18T02:26:03+00:00,usd_mxn,17.69,17.72,0.1693002257336207
2024-07-18T02:25:47+00:00,usd_mxn,17.69,17.72,0.1693002257336207
2024-07-18T02:26:04+00:00,usd_mxn,17.69,17.72,0.1693002257336207
2024-07-18T02:25:48+00:00,usd_mxn,17.69,17.72,0.1693002257336207
2024-07-18T02:26:05+00:00,usd_mxn,17.69,17.72,0.1693002257336207
2024-07-18T02:25:50+00:00,usd_mxn,17.69,17.72,0.1693002257336207
2024-07-18T02:26:07+00:00,usd_mxn,17.69,17.72,0.1693002257336207
2024-07-18T02:25:51+00:00,usd_mxn,17.69,17.72,0.1693002257336207
2024-07-18T02:26:08+00:00,usd_mxn,17.69,17.72,0.1693002257336207
2024-07-18T02:25:53+00:00,usd_mxn,17.69,17.72,0.1693002257336207
2024-07-18T02:26:10+00:00,usd_mxn,17.69,17.72,0.1693002257336207
2024-07-18T02:25:54+00:00,usd_mxn,17.69,17.72,0.1693002257336207
2024-07-18T02:26:11+00:00,usd_mxn,17.69,17.72,0.1693002257336207
2024-07-18T02:25:55+00:00,usd_mxn,17.69,17.72,0.1693002257336207
2024-07-18T02:26:12+00:00,usd_mxn,17.69,17.72,0.1693002257336207
2024-07-18T02:25:57+00:00,usd_mxn,17.69,17.72,0.1693002257336207
2024-07-18T02:26:14+00:00,usd_mxn,17.69,17.72,0.1693002257336207
2024-07-18T02:25:58+00:00,usd_mxn,17.69,17.72,0.1693002257336207
2024-07-18T02:26:15+00:00,usd_mxn,17.69,17.72,0.1693002257336207
2024-07-18T02:26:00+00:00,usd_mxn,17.69,17.72,0.1693002257336207
2024-07-18T02:26:17+00:00,usd_mxn,17.69,17.72,0.1693002257336207
2024-07-18T02:26:01+00:00,usd_mxn,17.69,17.72,0.1693002257336207
2024-07-18T02:26:18+00:00,usd_mxn,17.69,17.72,0.1693002257336207
2024-07-18T02:26:02+00:00,usd_mxn,17.69,17.72,0.1693002257336207
2024-07-18T02:26:19+00:00,usd_mxn,17.69,17.72,0.1693002257336207
2024-07-18T02:26:04+00:00,usd_mxn,17.69,17.72,0.1693002257336207
2024-07-18T02:26:21+00:00,usd_mxn,17.69,17.72,0.1693002257336207
2024-07-18T02:26:05+00:00,usd_mxn,17.69,17.72,0.1693002257336207
2024-07-18T02:26:22+00:00,usd_mxn,17.69,17.72,0.1693002257336207
2024-07-18T02:26:06+00:00,usd_mxn,17.69,17.72,0.1693002257336207
2024-07-18T02:26:24+00:00,usd_mxn,17.69,17.72,0.1693002257336207
2024-07-18T02:26:08+00:00,usd_mxn,17.69,17.72,0.1693002257336207
2024-07-18T02:26:25+00:00,usd_mxn,17.69,17.72,0.1693002257336207
2024-07-18T02:26:09+00:00,usd_mxn,17.69,17.72,0.1693002257336207
2024-07-18T02:26:26+00:00,usd_mxn,17.69,17.72,0.1693002257336207
2024-07-18T02:26:11+00:00,usd_mxn,17.69,17.72,0.1693002257336207
2024-07-18T02:26:28+00:00,usd_mxn,17.69,17.72,0.1693002257336207
2024-07-18T02:26:12+00:00,usd_mxn,17.69,17.72,0.1693002257336207
2024-07-18T02:26:29+00:00,usd_mxn,17.69,17.72,0.1693002257336207
2024-07-18T02:26:13+00:00,usd_mxn,17.69,17.72,0.1693002257336207
2024-07-18T02:26:31+00:00,usd_mxn,17.69,17.72,0.1693002257336207
2024-07-18T02:26:15+00:00,usd_mxn,17.69,17.72,0.1693002257336207
2024-07-18T02:26:32+00:00,usd_mxn,17.69,17.72,0.1693002257336207
2024-07-18T02:26:16+00:00,usd_mxn,17.69,17.72,0.1693002257336207
2024-07-18T02:26:33+00:00,usd_mxn,17.69,17.72,0.1693002257336207
2024-07-18T02:26:18+00:00,usd_mxn,17.69,17.72,0.1693002257336207
2024-07-18T02:26:35+00:00,usd_mxn,17.69,17.72,0.1693002257336207
2024-07-18T02:26:19+00:00,usd_mxn,17.69,17.72,0.1693002257336207
2024-07-18T02:26:36+00:00,usd_mxn,17.69,17.72,0.1693002257336207
2024-07-18T02:26:21+00:00,usd_mxn,17.69,17.72,0.1693002257336207
2024-07-18T02:26:38+00:00,usd_mxn,17.69,17.72,0.1693002257336207
2024-07-18T02:26:22+00:00,usd_mxn,17.69,17.72,0.1693002257336207
2024-07-18T02:26:39+00:00,usd_mxn,17.69,17.72,0.1693002257336207
2024-07-18T02:26:23+00:00,usd_mxn,17.69,17.72,0.1693002257336207
2024-07-18T02:26:40+00:00,usd_mxn,17.69,17.72,0.1693002257336207
2024-07-18T02:26:25+00:00,usd_mxn,17.69,17.72,0.1693002257336207
2024-07-18T02:26:42+00:00,usd_mxn,17.69,17.72,0.1693002257336207
2024-07-18T02:26:26+00:00,usd_mxn,17.69,17.72,0.1693002257336207
2024-07-18T02:26:43+00:00,usd_mxn,17.69,17.72,0.1693002257336207
2024-07-18T02:26:27+00:00,usd_mxn,17.69,17.72,0.1693002257336207
2024-07-18T02:26:45+00:00,usd_mxn,17.69,17.72,0.1693002257336207
2024-07-18T02:26:29+00:00,usd_mxn,17.69,17.72,0.1693002257336207
2024-07-18T02:26:46+00:00,usd_mxn,17.69,17.72,0.1693002257336207
2024-07-18T02:26:30+00:00,usd_mxn,17.69,17.72,0.1693002257336207
2024-07-18T02:26:47+00:00,usd_mxn,17.69,17.72,0.1693002257336207
2024-07-18T02:26:32+00:00,usd_mxn,17.69,17.72,0.1693002257336207
2024-07-18T02:26:49+00:00,usd_mxn,17.69,17.72,0.1693002257336207
2024-07-18T02:26:33+00:00,usd_mxn,17.69,17.72,0.1693002257336207
2024-07-18T02:26:50+00:00,usd_mxn,17.69,17.72,0.1693002257336207
2024-07-18T02:26:34+00:00,usd_mxn,17.69,17.72,0.1693002257336207
2024-07-18T02:26:52+00:00,usd_mxn,17.69,17.72,0.1693002257336207
2024-07-18T02:26:36+00:00,usd_mxn,17.69,17.72,0.1693002257336207
2024-07-18T02:26:53+00:00,usd_mxn,17.69,17.72,0.1693002257336207
2024-07-18T02:26:37+00:00,usd_mxn,17.69,17.72,0.1693002257336207
2024-07-18T02:26:54+00:00,usd_mxn,17.69,17.72,0.1693002257336207
2024-07-18T02:26:39+00:00,usd_mxn,17.69,17.72,0.1693002257336207
2024-07-18T02:26:56+00:00,usd_mxn,17.69,17.72,0.1693002257336207
2024-07-18T02:26:40+00:00,usd_mxn,17.69,17.72,0.1693002257336207
2024-07-18T02:26:57+00:00,usd_mxn,17.69,17.72,0.1693002257336207
2024-07-18T02:26:41+00:00,usd_mxn,17.69,17.72,0.1693002257336207
2024-07-18T02:26:58+00:00,usd_mxn,17.69,17.72,0.1693002257336207
2024-07-18T02:26:43+00:00,usd_mxn,17.69,17.72,0.1693002257336207
2024-07-18T02:27:00+00:00,usd_mxn,17.69,17.72,0.1693002257336207
2024-07-18T02:26:44+00:00,usd_mxn,17.69,17.72,0.1693002257336207
2024-07-18T02:27:01+00:00,usd_mxn,17.69,17.72,0.1693002257336207
2024-07-18T02:26:46+00:00,usd_mxn,17.69,17.72,0.1693002257336207
2024-07-18T02:27:03+00:00,usd_mxn,17.69,17.72,0.1693002257336207
2024-07-18T02:26:47+00:00,usd_mxn,17.69,17.72,0.1693002257336207
2024-07-18T02:27:04+00:00,usd_mxn,17.69,17.72,0.1693002257336207
2024-07-18T02:26:48+00:00,usd_mxn,17.69,17.72,0.1693002257336207
2024-07-18T02:27:05+00:00,usd_mxn,17.69,17.72,0.1693002257336207
2024-07-18T02:26:50+00:00,usd_mxn,17.69,17.72,0.1693002257336207
2024-07-18T02:27:07+00:00,usd_mxn,17.69,17.72,0.1693002257336207
2024-07-18T02:26:51+00:00,usd_mxn,17.69,17.72,0.1693002257336207
2024-07-18T02:27:08+00:00,usd_mxn,17.69,17.72,0.1693002257336207
2024-07-18T02:26:52+00:00,usd_mxn,17.69,17.72,0.1693002257336207
2024-07-18T02:27:10+00:00,usd_mxn,17.69,17.72,0.1693002257336207
2024-07-18T02:26:54+00:00,usd_mxn,17.69,17.72,0.1693002257336207
2024-07-18T02:27:11+00:00,usd_mxn,17.69,17.72,0.1693002257336207
2024-07-18T02:26:55+00:00,usd_mxn,17.69,17.72,0.1693002257336207
2024-07-18T02:27:12+00:00,usd_mxn,17.69,17.72,0.1693002257336207
2024-07-18T02:26:57+00:00,usd_mxn,17.69,17.72,0.1693002257336207
2024-07-18T02:27:14+00:00,usd_mxn,17.69,17.72,0.1693002257336207
2024-07-18T02:26:58+00:00,usd_mxn,17.69,17.72,0.1693002257336207
2024-07-18T02:27:15+00:00,usd_mxn,17.69,17.72,0.1693002257336207
2024-07-18T02:26:59+00:00,usd_mxn,17.69,17.72,0.1693002257336207
2024-07-18T02:27:17+00:00,usd_mxn,17.69,17.72,0.1693002257336207
2024-07-18T02:27:01+00:00,usd_mxn,17.69,17.72,0.1693002257336207
2024-07-18T02:27:18+00:00,usd_mxn,17.69,17.72,0.1693002257336207
2024-07-18T02:27:02+00:00,usd_mxn,17.69,17.72,0.1693002257336207
2024-07-18T02:27:20+00:00,usd_mxn,17.69,17.72,0.1693002257336207
2024-07-18T02:27:04+00:00,usd_mxn,17.69,17.72,0.1693002257336207
2024-07-18T02:27:21+00:00,usd_mxn,17.69,17.72,0.1693002257336207
2024-07-18T02:27:05+00:00,usd_mxn,17.69,17.72,0.1693002257336207
2024-07-18T02:27:22+00:00,usd_mxn,17.69,17.72,0.1693002257336207
2024-07-18T02:27:06+00:00,usd_mxn,17.69,17.72,0.1693002257336207
2024-07-18T02:27:24+00:00,usd_mxn,17.69,17.72,0.1693002257336207
2024-07-18T02:27:08+00:00,usd_mxn,17.69,17.72,0.1693002257336207
2024-07-18T02:27:25+00:00,usd_mxn,17.69,17.72,0.1693002257336207
2024-07-18T02:27:09+00:00,usd_mxn,17.69,17.72,0.1693002257336207
2024-07-18T02:27:27+00:00,usd_mxn,17.69,17.72,0.1693002257336207
2024-07-18T02:27:11+00:00,usd_mxn,17.69,17.72,0.1693002257336207
2024-07-18T02:27:28+00:00,usd_mxn,17.69,17.72,0.1693002257336207
2024-07-18T02:27:12+00:00,usd_mxn,17.69,17.72,0.1693002257336207
2024-07-18T02:27:29+00:00,usd_mxn,17.69,17.72,0.1693002257336207
2024-07-18T02:27:13+00:00,usd_mxn,17.69,17.72,0.1693002257336207
2024-07-18T02:27:31+00:00,usd_mxn,17.69,17.72,0.1693002257336207
2024-07-18T02:27:15+00:00,usd_mxn,17.69,17.72,0.1693002257336207
2024-07-18T02:27:32+00:00,usd_mxn,17.69,17.72,0.1693002257336207
2024-07-18T02:27:16+00:00,usd_mxn,17.69,17.72,0.1693002257336207
2024-07-18T02:27:33+00:00,usd_mxn,17.69,17.72,0.1693002257336207
2024-07-18T02:27:18+00:00,usd_mxn,17.69,17.72,0.1693002257336207
2024-07-18T02:27:35+00:00,usd_mxn,17.69,17.72,0.1693002257336207
2024-07-18T02:27:19+00:00,usd_mxn,17.69,17.72,0.1693002257336207
2024-07-18T02:27:36+00:00,usd_mxn,17.69,17.72,0.1693002257336207
2024-07-18T02:27:20+00:00,usd_mxn,17.69,17.72,0.1693002257336207
2024-07-18T02:27:38+00:00,usd_mxn,17.69,17.72,0.1693002257336207
2024-07-18T02:27:22+00:00,usd_mxn,17.69,17.72,0.1693002257336207
2024-07-18T02:27:39+00:00,usd_mxn,17.69,17.72,0.1693002257336207
2024-07-18T02:27:23+00:00,usd_mxn,17.69,17.72,0.1693002257336207
2024-07-18T02:27:40+00:00,usd_mxn,17.69,17.72,0.1693002257336207
2024-07-18T02:27:25+00:00,usd_mxn,17.69,17.72,0.1693002257336207
2024-07-18T02:27:42+00:00,usd_mxn,17.69,17.72,0.1693002257336207
2024-07-18T02:27:26+00:00,usd_mxn,17.69,17.72,0.1693002257336207
2024-07-18T02:27:43+00:00,usd_mxn,17.69,17.72,0.1693002257336207
2024-07-18T02:27:27+00:00,usd_mxn,17.69,17.72,0.1693002257336207
2024-07-18T02:27:44+00:00,usd_mxn,17.69,17.72,0.1693002257336207
2024-07-18T02:27:29+00:00,usd_mxn,17.69,17.72,0.1693002257336207
2024-07-18T02:27:46+00:00,usd_mxn,17.69,17.72,0.1693002257336207
2024-07-18T02:27:30+00:00,usd_mxn,17.69,17.72,0.1693002257336207
2024-07-18T02:27:47+00:00,usd_mxn,17.69,17.72,0.1693002257336207
2024-07-18T02:27:32+00:00,usd_mxn,17.69,17.72,0.1693002257336207
2024-07-18T02:27:49+00:00,usd_mxn,17.69,17.72,0.1693002257336207
2024-07-18T02:27:33+00:00,usd_mxn,17.69,17.72,0.1693002257336207
2024-07-18T02:27:50+00:00,usd_mxn,17.69,17.72,0.1693002257336207
2024-07-18T02:27:34+00:00,usd_mxn,17.69,17.72,0.1693002257336207
2024-07-18T02:27:51+00:00,usd_mxn,17.69,17.72,0.1693002257336207
2024-07-18T02:27:36+00:00,usd_mxn,17.69,17.72,0.1693002257336207
2024-07-18T02:27:53+00:00,usd_mxn,17.69,17.72,0.1693002257336207
2024-07-18T02:27:37+00:00,usd_mxn,17.69,17.72,0.1693002257336207
2024-07-18T02:27:55+00:00,usd_mxn,17.7,17.72,0.1128668171557538
2024-07-18T02:27:38+00:00,usd_mxn,17.69,17.72,0.1693002257336207
2024-07-18T02:27:56+00:00,usd_mxn,17.7,17.72,0.1128668171557538
2024-07-18T02:27:40+00:00,usd_mxn,17.69,17.72,0.1693002257336207
2024-07-18T02:27:57+00:00,usd_mxn,17.7,17.72,0.1128668171557538
2024-07-18T02:27:41+00:00,usd_mxn,17.69,17.72,0.1693002257336207
2024-07-18T02:27:59+00:00,usd_mxn,17.7,17.72,0.1128668171557538
2024-07-18T02:27:43+00:00,usd_mxn,17.69,17.72,0.1693002257336207
2024-07-18T02:28:00+00:00,usd_mxn,17.7,17.72,0.1128668171557538
2024-07-18T02:27:44+00:00,usd_mxn,17.69,17.72,0.1693002257336207
2024-07-18T02:27:45+00:00,usd_mxn,17.69,17.72,0.1693002257336207
2024-07-18T02:28:02+00:00,usd_mxn,17.7,17.72,0.1128668171557538
2024-07-18T02:28:03+00:00,usd_mxn,17.7,17.72,0.1128668171557538
2024-07-18T02:27:47+00:00,usd_mxn,17.69,17.72,0.1693002257336207
2024-07-18T02:28:04+00:00,usd_mxn,17.7,17.72,0.1128668171557538
2024-07-18T02:27:48+00:00,usd_mxn,17.69,17.72,0.1693002257336207
2024-07-18T02:28:06+00:00,usd_mxn,17.7,17.72,0.1128668171557538
2024-07-18T02:27:50+00:00,usd_mxn,17.69,17.72,0.1693002257336207
2024-07-18T02:28:07+00:00,usd_mxn,17.7,17.72,0.1128668171557538
2024-07-18T02:27:51+00:00,usd_mxn,17.69,17.72,0.1693002257336207
2024-07-18T02:28:09+00:00,usd_mxn,17.7,17.72,0.1128668171557538
2024-07-18T02:27:52+00:00,usd_mxn,17.69,17.72,0.1693002257336207
2024-07-18T02:28:10+00:00,usd_mxn,17.7,17.72,0.1128668171557538
2024-07-18T02:27:54+00:00,usd_mxn,17.69,17.72,0.1693002257336207
2024-07-18T02:28:11+00:00,usd_mxn,17.7,17.72,0.1128668171557538
2024-07-18T02:27:55+00:00,usd_mxn,17.7,17.72,0.1128668171557538
2024-07-18T02:28:13+00:00,usd_mxn,17.7,17.72,0.1128668171557538
2024-07-18T02:27:57+00:00,usd_mxn,17.7,17.72,0.1128668171557538
2024-07-18T02:28:14+00:00,usd_mxn,17.7,17.72,0.1128668171557538
2024-07-18T02:27:58+00:00,usd_mxn,17.7,17.72,0.1128668171557538
2024-07-18T02:28:15+00:00,usd_mxn,17.7,17.72,0.1128668171557538
2024-07-18T02:27:59+00:00,usd_mxn,17.7,17.72,0.1128668171557538
2024-07-18T02:28:17+00:00,usd_mxn,17.7,17.72,0.1128668171557538
2024-07-18T02:28:01+00:00,usd_mxn,17.7,17.72,0.1128668171557538
2024-07-18T02:28:18+00:00,usd_mxn,17.7,17.72,0.1128668171557538
2024-07-18T02:28:02+00:00,usd_mxn,17.7,17.72,0.1128668171557538
2024-07-18T02:28:20+00:00,usd_mxn,17.7,17.72,0.1128668171557538
2024-07-18T02:28:04+00:00,usd_mxn,17.7,17.72,0.1128668171557538
2024-07-18T02:28:21+00:00,usd_mxn,17.7,17.72,0.1128668171557538
2024-07-18T02:28:05+00:00,usd_mxn,17.7,17.72,0.1128668171557538
2024-07-18T02:28:22+00:00,usd_mxn,17.7,17.72,0.1128668171557538
2024-07-18T02:28:06+00:00,usd_mxn,17.7,17.72,0.1128668171557538
2024-07-18T02:28:24+00:00,usd_mxn,17.7,17.72,0.1128668171557538
2024-07-18T02:28:08+00:00,usd_mxn,17.7,17.72,0.1128668171557538
2024-07-18T02:28:25+00:00,usd_mxn,17.7,17.72,0.1128668171557538
2024-07-18T02:28:09+00:00,usd_mxn,17.7,17.72,0.1128668171557538
2024-07-18T02:28:27+00:00,usd_mxn,17.7,17.72,0.1128668171557538
2024-07-18T02:28:11+00:00,usd_mxn,17.7,17.72,0.1128668171557538
2024-07-18T02:28:28+00:00,usd_mxn,17.7,17.72,0.1128668171557538
2024-07-18T02:28:12+00:00,usd_mxn,17.7,17.72,0.1128668171557538
2024-07-18T02:28:29+00:00,usd_mxn,17.7,17.72,0.1128668171557538
2024-07-18T02:28:13+00:00,usd_mxn,17.7,17.72,0.1128668171557538
2024-07-18T02:28:31+00:00,usd_mxn,17.7,17.72,0.1128668171557538
2024-07-18T02:28:15+00:00,usd_mxn,17.7,17.72,0.1128668171557538
2024-07-18T02:28:32+00:00,usd_mxn,17.7,17.72,0.1128668171557538
2024-07-18T02:28:16+00:00,usd_mxn,17.7,17.72,0.1128668171557538
2024-07-18T02:28:34+00:00,usd_mxn,17.7,17.72,0.1128668171557538
2024-07-18T02:28:18+00:00,usd_mxn,17.7,17.72,0.1128668171557538
2024-07-18T02:28:35+00:00,usd_mxn,17.7,17.72,0.1128668171557538
2024-07-18T02:28:19+00:00,usd_mxn,17.7,17.72,0.1128668171557538
2024-07-18T02:28:36+00:00,usd_mxn,17.7,17.72,0.1128668171557538
2024-07-18T02:28:21+00:00,usd_mxn,17.7,17.72,0.1128668171557538
2024-07-18T02:28:38+00:00,usd_mxn,17.7,17.72,0.1128668171557538
2024-07-18T02:28:39+00:00,usd_mxn,17.7,17.72,0.1128668171557538
2024-07-18T02:28:22+00:00,usd_mxn,17.7,17.72,0.1128668171557538
2024-07-18T02:28:40+00:00,usd_mxn,17.7,17.72,0.1128668171557538
2024-07-18T02:28:23+00:00,usd_mxn,17.7,17.72,0.1128668171557538
2024-07-18T02:28:42+00:00,usd_mxn,17.7,17.72,0.1128668171557538
2024-07-18T02:28:25+00:00,usd_mxn,17.7,17.72,0.1128668171557538
2024-07-18T02:28:43+00:00,usd_mxn,17.7,17.72,0.1128668171557538
2024-07-18T02:28:26+00:00,usd_mxn,17.7,17.72,0.1128668171557538
2024-07-18T02:28:45+00:00,usd_mxn,17.7,17.72,0.1128668171557538
2024-07-18T02:28:28+00:00,usd_mxn,17.7,17.72,0.1128668171557538
2024-07-18T02:28:46+00:00,usd_mxn,17.7,17.72,0.1128668171557538
2024-07-18T02:28:29+00:00,usd_mxn,17.7,17.72,0.1128668171557538
2024-07-18T02:28:47+00:00,usd_mxn,17.7,17.72,0.1128668171557538
2024-07-18T02:28:30+00:00,usd_mxn,17.7,17.72,0.1128668171557538
2024-07-18T02:28:49+00:00,usd_mxn,17.7,17.72,0.1128668171557538
2024-07-18T02:28:32+00:00,usd_mxn,17.7,17.72,0.1128668171557538
2024-07-18T02:28:50+00:00,usd_mxn,17.7,17.72,0.1128668171557538
2024-07-18T02:28:33+00:00,usd_mxn,17.7,17.72,0.1128668171557538
2024-07-18T02:28:52+00:00,usd_mxn,17.7,17.72,0.1128668171557538
2024-07-18T02:28:35+00:00,usd_mxn,17.7,17.72,0.1128668171557538
2024-07-18T02:28:53+00:00,usd_mxn,17.7,17.72,0.1128668171557538
2024-07-18T02:28:36+00:00,usd_mxn,17.7,17.72,0.1128668171557538
2024-07-18T02:28:54+00:00,usd_mxn,17.7,17.72,0.1128668171557538
2024-07-18T02:28:37+00:00,usd_mxn,17.7,17.72,0.1128668171557538
2024-07-18T02:28:56+00:00,usd_mxn,17.7,17.72,0.1128668171557538
2024-07-18T02:28:39+00:00,usd_mxn,17.7,17.72,0.1128668171557538
2024-07-18T02:28:57+00:00,usd_mxn,17.7,17.72,0.1128668171557538
2024-07-18T02:28:40+00:00,usd_mxn,17.7,17.72,0.1128668171557538
2024-07-18T02:28:59+00:00,usd_mxn,17.7,17.72,0.1128668171557538
2024-07-18T02:28:42+00:00,usd_mxn,17.7,17.72,0.1128668171557538
2024-07-18T02:29:00+00:00,usd_mxn,17.7,17.72,0.1128668171557538
2024-07-18T02:28:43+00:00,usd_mxn,17.7,17.72,0.1128668171557538
2024-07-18T02:29:01+00:00,usd_mxn,17.7,17.72,0.1128668171557538
2024-07-18T02:28:44+00:00,usd_mxn,17.7,17.72,0.1128668171557538
2024-07-18T02:29:03+00:00,usd_mxn,17.7,17.72,0.1128668171557538
2024-07-18T02:28:46+00:00,usd_mxn,17.7,17.72,0.1128668171557538
2024-07-18T02:29:04+00:00,usd_mxn,17.7,17.72,0.1128668171557538
2024-07-18T02:28:47+00:00,usd_mxn,17.7,17.72,0.1128668171557538
2024-07-18T02:29:06+00:00,usd_mxn,17.7,17.72,0.1128668171557538
2024-07-18T02:28:48+00:00,usd_mxn,17.7,17.72,0.1128668171557538
2024-07-18T02:29:07+00:00,usd_mxn,17.7,17.72,0.1128668171557538
2024-07-18T02:28:50+00:00,usd_mxn,17.7,17.72,0.1128668171557538
2024-07-18T02:29:09+00:00,usd_mxn,17.7,17.72,0.1128668171557538
2024-07-18T02:28:51+00:00,usd_mxn,17.7,17.72,0.1128668171557538
2024-07-18T02:29:10+00:00,usd_mxn,17.7,17.72,0.1128668171557538
2024-07-18T02:28:53+00:00,usd_mxn,17.7,17.72,0.1128668171557538
2024-07-18T02:29:11+00:00,usd_mxn,17.7,17.72,0.1128668171557538
2024-07-18T02:28:54+00:00,usd_mxn,17.7,17.72,0.1128668171557538
2024-07-18T02:29:13+00:00,usd_mxn,17.7,17.72,0.1128668171557538
2024-07-18T02:28:56+00:00,usd_mxn,17.7,17.72,0.1128668171557538
2024-07-18T02:29:14+00:00,usd_mxn,17.7,17.72,0.1128668171557538
2024-07-18T02:28:57+00:00,usd_mxn,17.7,17.72,0.1128668171557538
2024-07-18T02:29:15+00:00,usd_mxn,17.7,17.72,0.1128668171557538
2024-07-18T02:28:58+00:00,usd_mxn,17.7,17.72,0.1128668171557538
2024-07-18T02:29:17+00:00,usd_mxn,17.7,17.72,0.1128668171557538
2024-07-18T02:29:00+00:00,usd_mxn,17.7,17.72,0.1128668171557538
2024-07-18T02:29:18+00:00,usd_mxn,17.7,17.72,0.1128668171557538
2024-07-18T02:29:01+00:00,usd_mxn,17.7,17.72,0.1128668171557538
2024-07-18T02:29:20+00:00,usd_mxn,17.7,17.72,0.1128668171557538
2024-07-18T02:29:03+00:00,usd_mxn,17.7,17.72,0.1128668171557538
2024-07-18T02:29:21+00:00,usd_mxn,17.7,17.72,0.1128668171557538
2024-07-18T02:29:04+00:00,usd_mxn,17.7,17.72,0.1128668171557538
2024-07-18T02:29:22+00:00,usd_mxn,17.7,17.72,0.1128668171557538
2024-07-18T02:29:05+00:00,usd_mxn,17.7,17.72,0.1128668171557538
2024-07-18T02:29:24+00:00,usd_mxn,17.7,17.72,0.1128668171557538
2024-07-18T02:29:07+00:00,usd_mxn,17.7,17.72,0.1128668171557538
2024-07-18T02:29:25+00:00,usd_mxn,17.7,17.72,0.1128668171557538
2024-07-18T02:29:08+00:00,usd_mxn,17.7,17.72,0.1128668171557538
2024-07-18T02:29:27+00:00,usd_mxn,17.7,17.72,0.1128668171557538
2024-07-18T02:29:10+00:00,usd_mxn,17.7,17.72,0.1128668171557538
2024-07-18T02:29:28+00:00,usd_mxn,17.7,17.72,0.1128668171557538
2024-07-18T02:29:11+00:00,usd_mxn,17.7,17.72,0.1128668171557538
2024-07-18T02:29:29+00:00,usd_mxn,17.7,17.72,0.1128668171557538
2024-07-18T02:29:12+00:00,usd_mxn,17.7,17.72,0.1128668171557538
2024-07-18T02:29:31+00:00,usd_mxn,17.7,17.72,0.1128668171557538
2024-07-18T02:29:14+00:00,usd_mxn,17.7,17.72,0.1128668171557538
2024-07-18T02:29:32+00:00,usd_mxn,17.7,17.72,0.1128668171557538
2024-07-18T02:29:15+00:00,usd_mxn,17.7,17.72,0.1128668171557538
2024-07-18T02:29:34+00:00,usd_mxn,17.7,17.72,0.1128668171557538
2024-07-18T02:29:17+00:00,usd_mxn,17.7,17.72,0.1128668171557538
2024-07-18T02:29:35+00:00,usd_mxn,17.7,17.72,0.1128668171557538
2024-07-18T02:29:18+00:00,usd_mxn,17.7,17.72,0.1128668171557538
2024-07-18T02:29:36+00:00,usd_mxn,17.7,17.72,0.1128668171557538
2024-07-18T02:29:19+00:00,usd_mxn,17.7,17.72,0.1128668171557538
2024-07-18T02:29:38+00:00,usd_mxn,17.7,17.72,0.1128668171557538
2024-07-18T02:29:21+00:00,usd_mxn,17.7,17.72,0.1128668171557538
2024-07-18T02:29:39+00:00,usd_mxn,17.7,17.72,0.1128668171557538
2024-07-18T02:29:22+00:00,usd_mxn,17.7,17.72,0.1128668171557538
2024-07-18T02:29:41+00:00,usd_mxn,17.7,17.72,0.1128668171557538
2024-07-18T02:29:24+00:00,usd_mxn,17.7,17.72,0.1128668171557538
2024-07-18T02:29:42+00:00,usd_mxn,17.7,17.72,0.1128668171557538
2024-07-18T02:29:25+00:00,usd_mxn,17.7,17.72,0.1128668171557538
2024-07-18T02:29:43+00:00,usd_mxn,17.7,17.72,0.1128668171557538
2024-07-18T02:29:26+00:00,usd_mxn,17.7,17.72,0.1128668171557538
2024-07-18T02:29:45+00:00,usd_mxn,17.7,17.72,0.1128668171557538
2024-07-18T02:29:28+00:00,usd_mxn,17.7,17.72,0.1128668171557538
2024-07-18T02:29:46+00:00,usd_mxn,17.7,17.72,0.1128668171557538
2024-07-18T02:29:29+00:00,usd_mxn,17.7,17.72,0.1128668171557538
2024-07-18T02:29:48+00:00,usd_mxn,17.7,17.72,0.1128668171557538
2024-07-18T02:29:31+00:00,usd_mxn,17.7,17.72,0.1128668171557538
2024-07-18T02:29:49+00:00,usd_mxn,17.7,17.72,0.1128668171557538
2024-07-18T02:29:32+00:00,usd_mxn,17.7,17.72,0.1128668171557538
2024-07-18T02:29:50+00:00,usd_mxn,17.7,17.72,0.1128668171557538
2024-07-18T02:29:33+00:00,usd_mxn,17.7,17.72,0.1128668171557538
2024-07-18T02:29:52+00:00,usd_mxn,17.7,17.72,0.1128668171557538
2024-07-18T02:29:35+00:00,usd_mxn,17.7,17.72,0.1128668171557538
2024-07-18T02:29:53+00:00,usd_mxn,17.7,17.72,0.1128668171557538
2024-07-18T02:29:36+00:00,usd_mxn,17.7,17.72,0.1128668171557538
2024-07-18T02:29:54+00:00,usd_mxn,17.7,17.72,0.1128668171557538
2024-07-18T02:29:38+00:00,usd_mxn,17.7,17.72,0.1128668171557538
2024-07-18T02:29:56+00:00,usd_mxn,17.7,17.72,0.1128668171557538
2024-07-18T02:29:39+00:00,usd_mxn,17.7,17.72,0.1128668171557538
2024-07-18T02:29:57+00:00,usd_mxn,17.7,17.72,0.1128668171557538
2024-07-18T02:29:40+00:00,usd_mxn,17.7,17.72,0.1128668171557538
2024-07-18T02:29:59+00:00,usd_mxn,17.7,17.72,0.1128668171557538
2024-07-18T02:29:42+00:00,usd_mxn,17.7,17.72,0.1128668171557538
2024-07-18T02:30:00+00:00,usd_mxn,17.7,17.72,0.1128668171557538
2024-07-18T02:29:43+00:00,usd_mxn,17.7,17.72,0.1128668171557538
2024-07-18T02:30:01+00:00,usd_mxn,17.7,17.72,0.1128668171557538
2024-07-18T02:29:44+00:00,usd_mxn,17.7,17.72,0.1128668171557538
2024-07-18T02:30:03+00:00,usd_mxn,17.7,17.72,0.1128668171557538
2024-07-18T02:29:46+00:00,usd_mxn,17.7,17.72,0.1128668171557538
2024-07-18T02:30:04+00:00,usd_mxn,17.7,17.72,0.1128668171557538
2024-07-18T02:29:47+00:00,usd_mxn,17.7,17.72,0.1128668171557538
2024-07-18T02:30:06+00:00,usd_mxn,17.7,17.72,0.1128668171557538
2024-07-18T02:29:49+00:00,usd_mxn,17.7,17.72,0.1128668171557538
2024-07-18T02:30:07+00:00,usd_mxn,17.7,17.72,0.1128668171557538
2024-07-18T02:29:50+00:00,usd_mxn,17.7,17.72,0.1128668171557538
2024-07-18T02:30:08+00:00,usd_mxn,17.7,17.72,0.1128668171557538
2024-07-18T02:29:51+00:00,usd_mxn,17.7,17.72,0.1128668171557538
2024-07-18T02:30:10+00:00,usd_mxn,17.7,17.72,0.1128668171557538
2024-07-18T02:29:53+00:00,usd_mxn,17.7,17.72,0.1128668171557538
2024-07-18T02:30:11+00:00,usd_mxn,17.7,17.72,0.1128668171557538
2024-07-18T02:29:54+00:00,usd_mxn,17.7,17.72,0.1128668171557538
2024-07-18T02:30:13+00:00,usd_mxn,17.7,17.72,0.1128668171557538
2024-07-18T02:29:55+00:00,usd_mxn,17.7,17.72,0.1128668171557538
2024-07-18T02:30:14+00:00,usd_mxn,17.7,17.72,0.1128668171557538
2024-07-18T02:29:57+00:00,usd_mxn,17.7,17.72,0.1128668171557538
2024-07-18T02:30:15+00:00,usd_mxn,17.7,17.72,0.1128668171557538
2024-07-18T02:29:58+00:00,usd_mxn,17.7,17.72,0.1128668171557538
2024-07-18T02:30:17+00:00,usd_mxn,17.7,17.72,0.1128668171557538
2024-07-18T02:30:00+00:00,usd_mxn,17.7,17.72,0.1128668171557538
2024-07-18T02:30:18+00:00,usd_mxn,17.7,17.72,0.1128668171557538
2024-07-18T02:30:01+00:00,usd_mxn,17.7,17.72,0.1128668171557538
2024-07-18T02:30:20+00:00,usd_mxn,17.7,17.72,0.1128668171557538
2024-07-18T02:30:02+00:00,usd_mxn,17.7,17.72,0.1128668171557538
2024-07-18T02:30:21+00:00,usd_mxn,17.7,17.72,0.1128668171557538
2024-07-18T02:30:04+00:00,usd_mxn,17.7,17.72,0.1128668171557538
2024-07-18T02:30:22+00:00,usd_mxn,17.7,17.72,0.1128668171557538
2024-07-18T02:30:05+00:00,usd_mxn,17.7,17.72,0.1128668171557538
2024-07-18T02:30:24+00:00,usd_mxn,17.7,17.72,0.1128668171557538
2024-07-18T02:30:07+00:00,usd_mxn,17.7,17.72,0.1128668171557538
2024-07-18T02:30:25+00:00,usd_mxn,17.7,17.72,0.1128668171557538
2024-07-18T02:30:08+00:00,usd_mxn,17.7,17.72,0.1128668171557538
2024-07-18T02:30:27+00:00,usd_mxn,17.7,17.72,0.1128668171557538
2024-07-18T02:30:10+00:00,usd_mxn,17.7,17.72,0.1128668171557538
2024-07-18T02:30:28+00:00,usd_mxn,17.7,17.72,0.1128668171557538
2024-07-18T02:30:11+00:00,usd_mxn,17.7,17.72,0.1128668171557538
2024-07-18T02:30:29+00:00,usd_mxn,17.7,17.72,0.1128668171557538
2024-07-18T02:30:12+00:00,usd_mxn,17.7,17.72,0.1128668171557538
2024-07-18T02:30:31+00:00,usd_mxn,17.7,17.72,0.1128668171557538
2024-07-18T02:30:14+00:00,usd_mxn,17.7,17.72,0.1128668171557538
2024-07-18T02:30:32+00:00,usd_mxn,17.7,17.72,0.1128668171557538
2024-07-18T02:30:15+00:00,usd_mxn,17.7,17.72,0.1128668171557538
2024-07-18T02:30:33+00:00,usd_mxn,17.7,17.72,0.1128668171557538
2024-07-18T02:30:17+00:00,usd_mxn,17.7,17.72,0.1128668171557538
2024-07-18T02:30:35+00:00,usd_mxn,17.7,17.72,0.1128668171557538
2024-07-18T02:30:18+00:00,usd_mxn,17.7,17.72,0.1128668171557538
2024-07-18T02:30:36+00:00,usd_mxn,17.7,17.72,0.1128668171557538
2024-07-18T02:30:19+00:00,usd_mxn,17.7,17.72,0.1128668171557538
2024-07-18T02:30:38+00:00,usd_mxn,17.7,17.72,0.1128668171557538
2024-07-18T02:30:21+00:00,usd_mxn,17.7,17.72,0.1128668171557538
2024-07-18T02:30:39+00:00,usd_mxn,17.7,17.72,0.1128668171557538
2024-07-18T02:30:22+00:00,usd_mxn,17.7,17.72,0.1128668171557538
2024-07-18T02:30:40+00:00,usd_mxn,17.7,17.72,0.1128668171557538
2024-07-18T02:30:24+00:00,usd_mxn,17.7,17.72,0.1128668171557538
2024-07-18T02:30:42+00:00,usd_mxn,17.7,17.72,0.1128668171557538
2024-07-18T02:30:25+00:00,usd_mxn,17.7,17.72,0.1128668171557538
2024-07-18T02:30:43+00:00,usd_mxn,17.7,17.72,0.1128668171557538
2024-07-18T02:30:26+00:00,usd_mxn,17.7,17.72,0.1128668171557538
2024-07-18T02:30:45+00:00,usd_mxn,17.7,17.72,0.1128668171557538
2024-07-18T02:30:28+00:00,usd_mxn,17.7,17.72,0.1128668171557538
2024-07-18T02:30:46+00:00,usd_mxn,17.7,17.72,0.1128668171557538
2024-07-18T02:30:29+00:00,usd_mxn,17.7,17.72,0.1128668171557538
2024-07-18T02:30:47+00:00,usd_mxn,17.7,17.72,0.1128668171557538
2024-07-18T02:30:31+00:00,usd_mxn,17.7,17.72,0.1128668171557538
2024-07-18T02:30:49+00:00,usd_mxn,17.7,17.72,0.1128668171557538
2024-07-18T02:30:32+00:00,usd_mxn,17.7,17.72,0.1128668171557538
2024-07-18T02:30:50+00:00,usd_mxn,17.7,17.72,0.1128668171557538
2024-07-18T02:30:33+00:00,usd_mxn,17.7,17.72,0.1128668171557538
2024-07-18T02:30:51+00:00,usd_mxn,17.7,17.72,0.1128668171557538
2024-07-18T02:30:35+00:00,usd_mxn,17.7,17.72,0.1128668171557538
2024-07-18T02:30:53+00:00,usd_mxn,17.7,17.72,0.1128668171557538
2024-07-18T02:30:36+00:00,usd_mxn,17.7,17.72,0.1128668171557538
2024-07-18T02:30:54+00:00,usd_mxn,17.7,17.72,0.1128668171557538
2024-07-18T02:30:37+00:00,usd_mxn,17.7,17.72,0.1128668171557538
2024-07-18T02:30:56+00:00,usd_mxn,17.7,17.72,0.1128668171557538
2024-07-18T02:30:39+00:00,usd_mxn,17.7,17.72,0.1128668171557538
2024-07-18T02:30:57+00:00,usd_mxn,17.7,17.72,0.1128668171557538
2024-07-18T02:30:40+00:00,usd_mxn,17.7,17.72,0.1128668171557538
2024-07-18T02:30:58+00:00,usd_mxn,17.7,17.72,0.1128668171557538
2024-07-18T02:30:42+00:00,usd_mxn,17.7,17.72,0.1128668171557538
2024-07-18T02:31:00+00:00,usd_mxn,17.7,17.72,0.1128668171557538
2024-07-18T02:30:43+00:00,usd_mxn,17.7,17.72,0.1128668171557538
2024-07-18T02:31:01+00:00,usd_mxn,17.7,17.72,0.1128668171557538
2024-07-18T02:30:44+00:00,usd_mxn,17.7,17.72,0.1128668171557538
2024-07-18T02:31:03+00:00,usd_mxn,17.7,17.72,0.1128668171557538
2024-07-18T02:30:46+00:00,usd_mxn,17.7,17.72,0.1128668171557538
2024-07-18T02:31:04+00:00,usd_mxn,17.7,17.72,0.1128668171557538
2024-07-18T02:30:47+00:00,usd_mxn,17.7,17.72,0.1128668171557538
2024-07-18T02:31:05+00:00,usd_mxn,17.7,17.72,0.1128668171557538
2024-07-18T02:30:49+00:00,usd_mxn,17.7,17.72,0.1128668171557538
2024-07-18T02:31:07+00:00,usd_mxn,17.7,17.72,0.1128668171557538
2024-07-18T02:30:50+00:00,usd_mxn,17.7,17.72,0.1128668171557538
2024-07-18T02:31:08+00:00,usd_mxn,17.7,17.72,0.1128668171557538
2024-07-18T02:30:51+00:00,usd_mxn,17.7,17.72,0.1128668171557538
2024-07-18T02:31:10+00:00,usd_mxn,17.7,17.72,0.1128668171557538
2024-07-18T02:30:53+00:00,usd_mxn,17.7,17.72,0.1128668171557538
2024-07-18T02:31:11+00:00,usd_mxn,17.7,17.72,0.1128668171557538
2024-07-18T02:30:54+00:00,usd_mxn,17.7,17.72,0.1128668171557538
2024-07-18T02:31:12+00:00,usd_mxn,17.7,17.72,0.1128668171557538
2024-07-18T02:30:55+00:00,usd_mxn,17.7,17.72,0.1128668171557538
2024-07-18T02:31:14+00:00,usd_mxn,17.7,17.72,0.1128668171557538
2024-07-18T02:30:57+00:00,usd_mxn,17.7,17.72,0.1128668171557538
2024-07-18T02:31:15+00:00,usd_mxn,17.7,17.72,0.1128668171557538
2024-07-18T02:30:58+00:00,usd_mxn,17.7,17.72,0.1128668171557538
2024-07-18T02:31:17+00:00,usd_mxn,17.7,17.72,0.1128668171557538
2024-07-18T02:31:00+00:00,usd_mxn,17.7,17.72,0.1128668171557538
2024-07-18T02:31:18+00:00,usd_mxn,17.7,17.72,0.1128668171557538
2024-07-18T02:31:01+00:00,usd_mxn,17.7,17.72,0.1128668171557538
2024-07-18T02:31:19+00:00,usd_mxn,17.7,17.72,0.1128668171557538
2024-07-18T02:31:02+00:00,usd_mxn,17.7,17.72,0.1128668171557538
2024-07-18T02:31:21+00:00,usd_mxn,17.7,17.72,0.1128668171557538
2024-07-18T02:31:04+00:00,usd_mxn,17.7,17.72,0.1128668171557538
2024-07-18T02:31:22+00:00,usd_mxn,17.7,17.72,0.1128668171557538
2024-07-18T02:31:05+00:00,usd_mxn,17.7,17.72,0.1128668171557538
2024-07-18T02:31:24+00:00,usd_mxn,17.7,17.72,0.1128668171557538
2024-07-18T02:31:07+00:00,usd_mxn,17.7,17.72,0.1128668171557538
2024-07-18T02:31:25+00:00,usd_mxn,17.7,17.72,0.1128668171557538
2024-07-18T02:31:08+00:00,usd_mxn,17.7,17.72,0.1128668171557538
2024-07-18T02:31:26+00:00,usd_mxn,17.7,17.72,0.1128668171557538
2024-07-18T02:31:09+00:00,usd_mxn,17.7,17.72,0.1128668171557538
2024-07-18T02:31:28+00:00,usd_mxn,17.7,17.72,0.1128668171557538
2024-07-18T02:31:11+00:00,usd_mxn,17.7,17.72,0.1128668171557538
2024-07-18T02:31:29+00:00,usd_mxn,17.7,17.72,0.1128668171557538
2024-07-18T02:31:12+00:00,usd_mxn,17.7,17.72,0.1128668171557538
2024-07-18T02:31:30+00:00,usd_mxn,17.7,17.72,0.1128668171557538
2024-07-18T02:31:14+00:00,usd_mxn,17.7,17.72,0.1128668171557538
2024-07-18T02:31:32+00:00,usd_mxn,17.7,17.72,0.1128668171557538
2024-07-18T02:31:15+00:00,usd_mxn,17.7,17.72,0.1128668171557538
2024-07-18T02:31:33+00:00,usd_mxn,17.7,17.72,0.1128668171557538
2024-07-18T02:31:16+00:00,usd_mxn,17.7,17.72,0.1128668171557538
2024-07-18T02:31:35+00:00,usd_mxn,17.7,17.72,0.1128668171557538
2024-07-18T02:31:18+00:00,usd_mxn,17.7,17.72,0.1128668171557538
2024-07-18T02:31:36+00:00,usd_mxn,17.7,17.72,0.1128668171557538
2024-07-18T02:31:19+00:00,usd_mxn,17.7,17.72,0.1128668171557538
2024-07-18T02:31:37+00:00,usd_mxn,17.7,17.72,0.1128668171557538
2024-07-18T02:31:21+00:00,usd_mxn,17.7,17.72,0.1128668171557538
2024-07-18T02:31:39+00:00,usd_mxn,17.7,17.72,0.1128668171557538
2024-07-18T02:31:22+00:00,usd_mxn,17.7,17.72,0.1128668171557538
2024-07-18T02:31:40+00:00,usd_mxn,17.7,17.72,0.1128668171557538
2024-07-18T02:31:24+00:00,usd_mxn,17.7,17.72,0.1128668171557538
2024-07-18T02:31:42+00:00,usd_mxn,17.7,17.72,0.1128668171557538
2024-07-18T02:31:25+00:00,usd_mxn,17.7,17.72,0.1128668171557538
2024-07-18T02:31:43+00:00,usd_mxn,17.7,17.72,0.1128668171557538
2024-07-18T02:31:27+00:00,usd_mxn,17.7,17.72,0.1128668171557538
2024-07-18T02:31:44+00:00,usd_mxn,17.7,17.72,0.1128668171557538
2024-07-18T02:31:28+00:00,usd_mxn,17.7,17.72,0.1128668171557538
2024-07-18T02:31:46+00:00,usd_mxn,17.7,17.72,0.1128668171557538
2024-07-18T02:31:29+00:00,usd_mxn,17.7,17.72,0.1128668171557538
2024-07-18T02:31:47+00:00,usd_mxn,17.7,17.72,0.1128668171557538
2024-07-18T02:31:31+00:00,usd_mxn,17.7,17.72,0.1128668171557538
2024-07-18T02:31:48+00:00,usd_mxn,17.7,17.72,0.1128668171557538
2024-07-18T02:31:32+00:00,usd_mxn,17.7,17.72,0.1128668171557538
2024-07-18T02:31:50+00:00,usd_mxn,17.7,17.72,0.1128668171557538
2024-07-18T02:31:33+00:00,usd_mxn,17.7,17.72,0.1128668171557538
2024-07-18T02:31:51+00:00,usd_mxn,17.7,17.72,0.1128668171557538
2024-07-18T02:31:35+00:00,usd_mxn,17.7,17.72,0.1128668171557538
2024-07-18T02:31:53+00:00,usd_mxn,17.7,17.72,0.1128668171557538
2024-07-18T02:31:36+00:00,usd_mxn,17.7,17.72,0.1128668171557538
2024-07-18T02:31:54+00:00,usd_mxn,17.7,17.72,0.1128668171557538
2024-07-18T02:31:38+00:00,usd_mxn,17.7,17.72,0.1128668171557538
2024-07-18T02:31:55+00:00,usd_mxn,17.7,17.72,0.1128668171557538
2024-07-18T02:31:39+00:00,usd_mxn,17.7,17.72,0.1128668171557538
2024-07-18T02:31:57+00:00,usd_mxn,17.7,17.72,0.1128668171557538
2024-07-18T02:31:40+00:00,usd_mxn,17.7,17.72,0.1128668171557538
2024-07-18T02:31:58+00:00,usd_mxn,17.7,17.72,0.1128668171557538
2024-07-18T02:31:42+00:00,usd_mxn,17.7,17.72,0.1128668171557538
2024-07-18T02:32:00+00:00,usd_mxn,17.7,17.72,0.1128668171557538
2024-07-18T02:31:43+00:00,usd_mxn,17.7,17.72,0.1128668171557538
2024-07-18T02:32:01+00:00,usd_mxn,17.7,17.72,0.1128668171557538
2024-07-18T02:31:45+00:00,usd_mxn,17.7,17.72,0.1128668171557538
2024-07-18T02:32:02+00:00,usd_mxn,17.7,17.72,0.1128668171557538
2024-07-18T02:31:46+00:00,usd_mxn,17.7,17.72,0.1128668171557538
2024-07-18T02:32:04+00:00,usd_mxn,17.7,17.72,0.1128668171557538
2024-07-18T02:31:48+00:00,usd_mxn,17.7,17.72,0.1128668171557538
2024-07-18T02:32:05+00:00,usd_mxn,17.7,17.72,0.1128668171557538
2024-07-18T02:31:49+00:00,usd_mxn,17.7,17.72,0.1128668171557538
2024-07-18T02:32:07+00:00,usd_mxn,17.7,17.72,0.1128668171557538
2024-07-18T02:31:50+00:00,usd_mxn,17.7,17.72,0.1128668171557538
2024-07-18T02:31:52+00:00,usd_mxn,17.7,17.72,0.1128668171557538
2024-07-18T02:32:08+00:00,usd_mxn,17.7,17.72,0.1128668171557538
2024-07-18T02:31:53+00:00,usd_mxn,17.7,17.72,0.1128668171557538
2024-07-18T02:32:09+00:00,usd_mxn,17.7,17.72,0.1128668171557538
2024-07-18T02:31:54+00:00,usd_mxn,17.7,17.72,0.1128668171557538
2024-07-18T02:32:11+00:00,usd_mxn,17.7,17.72,0.1128668171557538
2024-07-18T02:32:12+00:00,usd_mxn,17.7,17.72,0.1128668171557538
2024-07-18T02:31:56+00:00,usd_mxn,17.7,17.72,0.1128668171557538
2024-07-18T02:31:57+00:00,usd_mxn,17.7,17.72,0.1128668171557538
2024-07-18T02:32:14+00:00,usd_mxn,17.7,17.72,0.1128668171557538
2024-07-18T02:31:59+00:00,usd_mxn,17.7,17.72,0.1128668171557538
2024-07-18T02:32:15+00:00,usd_mxn,17.7,17.72,0.1128668171557538
2024-07-18T02:32:00+00:00,usd_mxn,17.7,17.72,0.1128668171557538
2024-07-18T02:32:16+00:00,usd_mxn,17.7,17.72,0.1128668171557538
2024-07-18T02:32:01+00:00,usd_mxn,17.7,17.72,0.1128668171557538
2024-07-18T02:32:18+00:00,usd_mxn,17.7,17.72,0.1128668171557538
2024-07-18T02:32:03+00:00,usd_mxn,17.7,17.72,0.1128668171557538
2024-07-18T02:32:19+00:00,usd_mxn,17.7,17.72,0.1128668171557538
2024-07-18T02:32:04+00:00,usd_mxn,17.7,17.72,0.1128668171557538
2024-07-18T02:32:21+00:00,usd_mxn,17.7,17.72,0.1128668171557538
2024-07-18T02:32:06+00:00,usd_mxn,17.7,17.72,0.1128668171557538
2024-07-18T02:32:22+00:00,usd_mxn,17.7,17.72,0.1128668171557538
2024-07-18T02:32:07+00:00,usd_mxn,17.7,17.72,0.1128668171557538
2024-07-18T02:32:23+00:00,usd_mxn,17.7,17.72,0.1128668171557538
2024-07-18T02:32:08+00:00,usd_mxn,17.7,17.72,0.1128668171557538
2024-07-18T02:32:25+00:00,usd_mxn,17.7,17.72,0.1128668171557538
2024-07-18T02:32:10+00:00,usd_mxn,17.7,17.72,0.1128668171557538
2024-07-18T02:32:26+00:00,usd_mxn,17.7,17.72,0.1128668171557538
2024-07-18T02:32:11+00:00,usd_mxn,17.7,17.72,0.1128668171557538
2024-07-18T02:32:27+00:00,usd_mxn,17.7,17.72,0.1128668171557538
2024-07-18T02:32:13+00:00,usd_mxn,17.7,17.72,0.1128668171557538
2024-07-18T02:32:29+00:00,usd_mxn,17.7,17.72,0.1128668171557538
2024-07-18T02:32:14+00:00,usd_mxn,17.7,17.72,0.1128668171557538
2024-07-18T02:32:30+00:00,usd_mxn,17.7,17.72,0.1128668171557538
2024-07-18T02:32:15+00:00,usd_mxn,17.7,17.72,0.1128668171557538
2024-07-18T02:32:32+00:00,usd_mxn,17.7,17.72,0.1128668171557538
2024-07-18T02:32:17+00:00,usd_mxn,17.7,17.72,0.1128668171557538
2024-07-18T02:32:33+00:00,usd_mxn,17.7,17.72,0.1128668171557538
2024-07-18T02:32:18+00:00,usd_mxn,17.7,17.72,0.1128668171557538
2024-07-18T02:32:35+00:00,usd_mxn,17.7,17.72,0.1128668171557538
2024-07-18T02:32:19+00:00,usd_mxn,17.7,17.72,0.1128668171557538
2024-07-18T02:32:36+00:00,usd_mxn,17.7,17.72,0.1128668171557538
2024-07-18T02:32:21+00:00,usd_mxn,17.7,17.72,0.1128668171557538
2024-07-18T02:32:37+00:00,usd_mxn,17.7,17.72,0.1128668171557538
2024-07-18T02:32:22+00:00,usd_mxn,17.7,17.72,0.1128668171557538
2024-07-18T02:32:39+00:00,usd_mxn,17.7,17.72,0.1128668171557538
2024-07-18T02:32:40+00:00,usd_mxn,17.7,17.72,0.1128668171557538
2024-07-18T02:32:24+00:00,usd_mxn,17.7,17.72,0.1128668171557538
2024-07-18T02:32:41+00:00,usd_mxn,17.7,17.72,0.1128668171557538
2024-07-18T02:32:25+00:00,usd_mxn,17.7,17.72,0.1128668171557538
2024-07-18T02:32:43+00:00,usd_mxn,17.7,17.72,0.1128668171557538
2024-07-18T02:32:26+00:00,usd_mxn,17.7,17.72,0.1128668171557538
2024-07-18T02:32:44+00:00,usd_mxn,17.7,17.72,0.1128668171557538
2024-07-18T02:32:28+00:00,usd_mxn,17.7,17.72,0.1128668171557538
2024-07-18T02:32:46+00:00,usd_mxn,17.7,17.72,0.1128668171557538
2024-07-18T02:32:29+00:00,usd_mxn,17.7,17.72,0.1128668171557538
2024-07-18T02:32:47+00:00,usd_mxn,17.7,17.72,0.1128668171557538
2024-07-18T02:32:31+00:00,usd_mxn,17.7,17.72,0.1128668171557538
2024-07-18T02:32:48+00:00,usd_mxn,17.7,17.72,0.1128668171557538
2024-07-18T02:32:32+00:00,usd_mxn,17.7,17.72,0.1128668171557538
2024-07-18T02:32:50+00:00,usd_mxn,17.7,17.72,0.1128668171557538
2024-07-18T02:32:33+00:00,usd_mxn,17.7,17.72,0.1128668171557538
2024-07-18T02:32:51+00:00,usd_mxn,17.7,17.72,0.1128668171557538
2024-07-18T02:32:35+00:00,usd_mxn,17.7,17.72,0.1128668171557538
2024-07-18T02:32:53+00:00,usd_mxn,17.7,17.72,0.1128668171557538
2024-07-18T02:32:37+00:00,usd_mxn,17.7,17.72,0.1128668171557538
2024-07-18T02:32:54+00:00,usd_mxn,17.7,17.72,0.1128668171557538
2024-07-18T02:32:38+00:00,usd_mxn,17.7,17.72,0.1128668171557538
2024-07-18T02:32:55+00:00,usd_mxn,17.7,17.72,0.1128668171557538
2024-07-18T02:32:39+00:00,usd_mxn,17.7,17.72,0.1128668171557538
2024-07-18T02:32:57+00:00,usd_mxn,17.7,17.72,0.1128668171557538
2024-07-18T02:32:41+00:00,usd_mxn,17.7,17.72,0.1128668171557538
2024-07-18T02:32:58+00:00,usd_mxn,17.7,17.72,0.1128668171557538
2024-07-18T02:32:42+00:00,usd_mxn,17.7,17.72,0.1128668171557538
2024-07-18T02:33:00+00:00,usd_mxn,17.7,17.72,0.1128668171557538
2024-07-18T02:32:44+00:00,usd_mxn,17.7,17.72,0.1128668171557538
2024-07-18T02:33:01+00:00,usd_mxn,17.7,17.72,0.1128668171557538
2024-07-18T02:32:45+00:00,usd_mxn,17.7,17.72,0.1128668171557538
2024-07-18T02:33:02+00:00,usd_mxn,17.7,17.72,0.1128668171557538
2024-07-18T02:32:46+00:00,usd_mxn,17.7,17.72,0.1128668171557538
2024-07-18T02:33:04+00:00,usd_mxn,17.7,17.72,0.1128668171557538
2024-07-18T02:32:48+00:00,usd_mxn,17.7,17.72,0.1128668171557538
2024-07-18T02:33:05+00:00,usd_mxn,17.7,17.72,0.1128668171557538
2024-07-18T02:32:49+00:00,usd_mxn,17.7,17.72,0.1128668171557538
2024-07-18T02:33:07+00:00,usd_mxn,17.7,17.72,0.1128668171557538
2024-07-18T02:32:51+00:00,usd_mxn,17.7,17.72,0.1128668171557538
2024-07-18T02:33:08+00:00,usd_mxn,17.7,17.72,0.1128668171557538
