orderbook_timestamp,book,bid,ask,spread
2024-07-17T01:00:00+00:00,btc_mxn,1154919.98,1154920.02,3.463443298632307e-06
2024-07-17T01:00:01+00:00,btc_mxn,1154919.98,1154920.02,3.463443298632307e-06
2024-07-17T01:00:02+00:00,btc_mxn,1154919.98,1154920.02,3.463443298632307e-06
2024-07-17T01:00:03+00:00,btc_mxn,1154919.98,1154920.02,3.463443298632307e-06
2024-07-17T01:00:04+00:00,btc_mxn,1154919.98,1154920.02,3.463443298632307e-06
2024-07-17T01:00:06+00:00,btc_mxn,1154919.98,1154920.02,3.463443298632307e-06
2024-07-17T01:00:07+00:00,btc_mxn,1154919.98,1154920.02,3.463443298632307e-06
2024-07-17T01:00:08+00:00,btc_mxn,1154919.98,1154920.02,3.463443298632307e-06
2024-07-17T01:00:09+00:00,btc_mxn,1154919.98,1154920.02,3.463443298632307e-06
2024-07-17T01:00:10+00:00,btc_mxn,1154919.98,1154920.02,3.463443298632307e-06
2024-07-17T01:00:11+00:00,btc_mxn,1154919.98,1154920.02,3.463443298632307e-06
2024-07-17T01:00:13+00:00,btc_mxn,1154919.98,1154920.02,3.463443298632307e-06
2024-07-17T01:00:14+00:00,btc_mxn,1154919.98,1154920.02,3.463443298632307e-06
2024-07-17T01:00:15+00:00,btc_mxn,1154919.98,1154920.02,3.463443298632307e-06
2024-07-17T01:00:16+00:00,btc_mxn,1154919.98,1154920.02,3.463443298632307e-06
2024-07-17T01:00:17+00:00,btc_mxn,1154919.98,1154920.02,3.463443298632307e-06
2024-07-17T01:00:18+00:00,btc_mxn,1154919.98,1154920.02,3.463443298632307e-06
2024-07-17T01:00:19+00:00,btc_mxn,1154919.98,1154920.02,3.463443298632307e-06
2024-07-17T01:00:21+00:00,btc_mxn,1154919.98,1154920.02,3.463443298632307e-06
2024-07-17T01:00:22+00:00,btc_mxn,1154919.98,1154920.02,3.463443298632307e-06
2024-07-17T01:00:23+00:00,btc_mxn,1154919.98,1154920.02,3.463443298632307e-06
2024-07-17T01:00:24+00:00,btc_mxn,1154919.98,1154920.02,3.463443298632307e-06
2024-07-17T01:00:25+00:00,btc_mxn,1154919.98,1154920.02,3.463443298632307e-06
2024-07-17T01:00:26+00:00,btc_mxn,1154919.98,1154920.02,3.463443298632307e-06
2024-07-17T01:00:28+00:00,btc_mxn,1154919.98,1154920.02,3.463443298632307e-06
2024-07-17T01:00:29+00:00,btc_mxn,1154919.98,1154920.02,3.463443298632307e-06
2024-07-17T01:00:30+00:00,btc_mxn,1154919.98,1154920.02,3.463443298632307e-06
2024-07-17T01:00:31+00:00,btc_mxn,1154919.98,1154920.02,3.463443298632307e-06
2024-07-17T01:00:32+00:00,btc_mxn,1154919.98,1154920.02,3.463443298632307e-06
2024-07-17T01:00:33+00:00,btc_mxn,1154919.98,1154920.02,3.463443298632307e-06
2024-07-17T01:00:34+00:00,btc_mxn,1154919.98,1154920.02,3.463443298632307e-06
2024-07-17T01:00:36+00:00,btc_mxn,1154919.98,1154920.02,3.463443298632307e-06
2024-07-17T01:00:37+00:00,btc_mxn,1154919.98,1154920.02,3.463443298632307e-06
2024-07-17T01:00:38+00:00,btc_mxn,1154919.98,1154920.02,3.463443298632307e-06
2024-07-17T01:00:39+00:00,btc_mxn,1154919.98,1154920.02,3.463443298632307e-06
2024-07-17T01:00:40+00:00,btc_mxn,1154919.98,1154920.02,3.463443298632307e-06
2024-07-17T01:00:41+00:00,btc_mxn,1154919.98,1154920.02,3.463443298632307e-06
2024-07-17T01:00:43+00:00,btc_mxn,1154919.98,1154920.02,3.463443298632307e-06
2024-07-17T01:00:44+00:00,btc_mxn,1154919.98,1154920.02,3.463443298632307e-06
2024-07-17T01:00:45+00:00,btc_mxn,1154919.98,1154920.02,3.463443298632307e-06
2024-07-17T01:00:46+00:00,btc_mxn,1154919.98,1154920.02,3.463443298632307e-06
2024-07-17T01:00:47+00:00,btc_mxn,1154919.98,1154920.02,3.463443298632307e-06
2024-07-17T01:00:48+00:00,btc_mxn,1154919.98,1154920.02,3.463443298632307e-06
2024-07-17T01:00:50+00:00,btc_mxn,1154919.98,1154920.02,3.463443298632307e-06
2024-07-17T01:00:51+00:00,btc_mxn,1154919.98,1154920.02,3.463443298632307e-06
2024-07-17T01:00:52+00:00,btc_mxn,1154919.98,1154920.02,3.463443298632307e-06
2024-07-17T01:00:53+00:00,btc_mxn,1154919.98,1154920.02,3.463443298632307e-06
2024-07-17T01:00:54+00:00,btc_mxn,1154919.98,1154920.02,3.463443298632307e-06
2024-07-17T01:00:55+00:00,btc_mxn,1154919.98,1154920.02,3.463443298632307e-06
2024-07-17T01:00:56+00:00,btc_mxn,1154919.98,1154920.02,3.463443298632307e-06
2024-07-17T01:00:58+00:00,btc_mxn,1154919.98,1154920.02,3.463443298632307e-06
2024-07-17T01:00:59+00:00,btc_mxn,1154919.98,1154920.02,3.463443298632307e-06
2024-07-17T01:01:00+00:00,btc_mxn,1154919.98,1154920.02,3.463443298632307e-06
2024-07-17T01:01:02+00:00,btc_mxn,1154919.98,1154920.02,3.463443298632307e-06
2024-07-17T01:01:03+00:00,btc_mxn,1154919.98,1154920.02,3.463443298632307e-06
2024-07-17T01:01:04+00:00,btc_mxn,1154919.98,1154920.02,3.463443298632307e-06
2024-07-17T01:01:05+00:00,btc_mxn,1154919.98,1154920.02,3.463443298632307e-06
2024-07-17T01:01:06+00:00,btc_mxn,1154919.98,1154920.02,3.463443298632307e-06
2024-07-17T01:01:07+00:00,btc_mxn,1154919.98,1154920.02,3.463443298632307e-06
2024-07-17T01:01:09+00:00,btc_mxn,1154919.98,1154920.02,3.463443298632307e-06
2024-07-17T01:01:10+00:00,btc_mxn,1154919.98,1154920.02,3.463443298632307e-06
2024-07-17T01:01:11+00:00,btc_mxn,1154919.98,1154920.02,3.463443298632307e-06
2024-07-17T01:01:12+00:00,btc_mxn,1154919.98,1154920.02,3.463443298632307e-06
2024-07-17T01:01:13+00:00,btc_mxn,1154919.98,1154920.02,3.463443298632307e-06
2024-07-17T01:01:14+00:00,btc_mxn,1154919.98,1154920.02,3.463443298632307e-06
2024-07-17T01:01:16+00:00,btc_mxn,1154919.98,1154920.02,3.463443298632307e-06
2024-07-17T01:01:17+00:00,btc_mxn,1154919.98,1154920.02,3.463443298632307e-06
2024-07-17T01:01:18+00:00,btc_mxn,1154919.98,1154920.02,3.463443298632307e-06
2024-07-17T01:01:19+00:00,btc_mxn,1154919.98,1154920.02,3.463443298632307e-06
2024-07-17T01:01:20+00:00,btc_mxn,1154919.98,1154920.02,3.463443298632307e-06
2024-07-17T01:01:21+00:00,btc_mxn,1154919.98,1154920.02,3.463443298632307e-06
2024-07-17T01:01:23+00:00,btc_mxn,1154919.98,1154920.02,3.463443298632307e-06
2024-07-17T01:01:24+00:00,btc_mxn,1154919.98,1154920.02,3.463443298632307e-06
2024-07-17T01:01:25+00:00,btc_mxn,1154919.98,1154920.02,3.463443298632307e-06
2024-07-17T01:01:26+00:00,btc_mxn,1154919.98,1154920.02,3.463443298632307e-06
2024-07-17T01:01:27+00:00,btc_mxn,1154919.98,1154920.02,3.463443298632307e-06
2024-07-17T01:01:28+00:00,btc_mxn,1154919.98,1154920.02,3.463443298632307e-06
2024-07-17T01:01:29+00:00,btc_mxn,1154919.98,1154920.02,3.463443298632307e-06
2024-07-17T01:01:31+00:00,btc_mxn,1154919.98,1154920.02,3.463443298632307e-06
2024-07-17T01:01:32+00:00,btc_mxn,1154919.98,1154920.02,3.463443298632307e-06
2024-07-17T01:01:33+00:00,btc_mxn,1154919.98,1154920.02,3.463443298632307e-06
2024-07-17T01:01:34+00:00,btc_mxn,1154919.98,1154920.02,3.463443298632307e-06
2024-07-17T01:01:35+00:00,btc_mxn,1154919.98,1154920.02,3.463443298632307e-06
2024-07-17T01:01:36+00:00,btc_mxn,1154919.98,1154920.02,3.463443298632307e-06
2024-07-17T01:01:38+00:00,btc_mxn,1154919.98,1154920.02,3.463443298632307e-06
2024-07-17T01:01:39+00:00,btc_mxn,1154919.98,1154920.02,3.463443298632307e-06
2024-07-17T01:01:40+00:00,btc_mxn,1154919.98,1154920.02,3.463443298632307e-06
2024-07-17T01:01:41+00:00,btc_mxn,1154919.98,1154920.02,3.463443298632307e-06
2024-07-17T01:01:42+00:00,btc_mxn,1154919.98,1154920.02,3.463443298632307e-06
2024-07-17T01:01:43+00:00,btc_mxn,1154919.98,1154920.02,3.463443298632307e-06
2024-07-17T01:01:44+00:00,btc_mxn,1154919.98,1154920.02,3.463443298632307e-06
2024-07-17T01:01:46+00:00,btc_mxn,1154919.98,1154920.02,3.463443298632307e-06
2024-07-17T01:01:47+00:00,btc_mxn,1154919.98,1154920.02,3.463443298632307e-06
2024-07-17T01:01:48+00:00,btc_mxn,1154919.98,1154920.02,3.463443298632307e-06
2024-07-17T01:01:49+00:00,btc_mxn,1154919.98,1154920.02,3.463443298632307e-06
2024-07-17T01:01:50+00:00,btc_mxn,1154919.98,1154920.02,3.463443298632307e-06
2024-07-17T01:01:51+00:00,btc_mxn,1154919.98,1154920.02,3.463443298632307e-06
2024-07-17T01:01:53+00:00,btc_mxn,1154919.98,1154920.02,3.463443298632307e-06
2024-07-17T01:01:54+00:00,btc_mxn,1154919.98,1154920.02,3.463443298632307e-06
2024-07-17T01:01:55+00:00,btc_mxn,1154919.98,1154920.02,3.463443298632307e-06
2024-07-17T01:01:56+00:00,btc_mxn,1154919.98,1154920.02,3.463443298632307e-06
2024-07-17T01:01:57+00:00,btc_mxn,1154919.98,1154920.02,3.463443298632307e-06
2024-07-17T01:01:58+00:00,btc_mxn,1154919.98,1154920.02,3.463443298632307e-06
2024-07-17T01:00:00+00:00,btc_mxn,1154919.98,1154920.02,3.463443298632307e-06
2024-07-17T01:00:01+00:00,btc_mxn,1154919.98,1154920.02,3.463443298632307e-06
2024-07-17T01:00:02+00:00,btc_mxn,1154919.98,1154920.02,3.463443298632307e-06
2024-07-17T01:00:03+00:00,btc_mxn,1154919.98,1154920.02,3.463443298632307e-06
2024-07-17T01:00:04+00:00,btc_mxn,1154919.98,1154920.02,3.463443298632307e-06
2024-07-17T01:00:06+00:00,btc_mxn,1154919.98,1154920.02,3.463443298632307e-06
2024-07-17T01:00:07+00:00,btc_mxn,1154919.98,1154920.02,3.463443298632307e-06
2024-07-17T01:00:08+00:00,btc_mxn,1154919.98,1154920.02,3.463443298632307e-06
2024-07-17T01:00:09+00:00,btc_mxn,1154919.98,1154920.02,3.463443298632307e-06
2024-07-17T01:00:10+00:00,btc_mxn,1154919.98,1154920.02,3.463443298632307e-06
2024-07-17T01:00:11+00:00,btc_mxn,1154919.98,1154920.02,3.463443298632307e-06
2024-07-17T01:00:13+00:00,btc_mxn,1154919.98,1154920.02,3.463443298632307e-06
2024-07-17T01:00:14+00:00,btc_mxn,1154919.98,1154920.02,3.463443298632307e-06
2024-07-17T01:00:15+00:00,btc_mxn,1154919.98,1154920.02,3.463443298632307e-06
2024-07-17T01:00:16+00:00,btc_mxn,1154919.98,1154920.02,3.463443298632307e-06
2024-07-17T01:00:17+00:00,btc_mxn,1154919.98,1154920.02,3.463443298632307e-06
2024-07-17T01:00:18+00:00,btc_mxn,1154919.98,1154920.02,3.463443298632307e-06
2024-07-17T01:00:19+00:00,btc_mxn,1154919.98,1154920.02,3.463443298632307e-06
2024-07-17T01:00:21+00:00,btc_mxn,1154919.98,1154920.02,3.463443298632307e-06
2024-07-17T01:00:22+00:00,btc_mxn,1154919.98,1154920.02,3.463443298632307e-06
2024-07-17T01:00:23+00:00,btc_mxn,1154919.98,1154920.02,3.463443298632307e-06
2024-07-17T01:00:24+00:00,btc_mxn,1154919.98,1154920.02,3.463443298632307e-06
2024-07-17T01:00:25+00:00,btc_mxn,1154919.98,1154920.02,3.463443298632307e-06
2024-07-17T01:00:26+00:00,btc_mxn,1154919.98,1154920.02,3.463443298632307e-06
2024-07-17T01:00:28+00:00,btc_mxn,1154919.98,1154920.02,3.463443298632307e-06
2024-07-17T01:00:29+00:00,btc_mxn,1154919.98,1154920.02,3.463443298632307e-06
2024-07-17T01:00:30+00:00,btc_mxn,1154919.98,1154920.02,3.463443298632307e-06
2024-07-17T01:00:31+00:00,btc_mxn,1154919.98,1154920.02,3.463443298632307e-06
2024-07-17T01:00:32+00:00,btc_mxn,1154919.98,1154920.02,3.463443298632307e-06
2024-07-17T01:00:33+00:00,btc_mxn,1154919.98,1154920.02,3.463443298632307e-06
2024-07-17T01:00:35+00:00,btc_mxn,1154919.98,1154920.02,3.463443298632307e-06
2024-07-17T01:00:36+00:00,btc_mxn,1154919.98,1154920.02,3.463443298632307e-06
2024-07-17T01:00:37+00:00,btc_mxn,1154919.98,1154920.02,3.463443298632307e-06
2024-07-17T01:00:38+00:00,btc_mxn,1154919.98,1154920.02,3.463443298632307e-06
2024-07-17T01:00:39+00:00,btc_mxn,1154919.98,1154920.02,3.463443298632307e-06
2024-07-17T01:00:40+00:00,btc_mxn,1154919.98,1154920.02,3.463443298632307e-06
2024-07-17T01:00:41+00:00,btc_mxn,1154919.98,1154920.02,3.463443298632307e-06
2024-07-17T01:00:43+00:00,btc_mxn,1154919.98,1154920.02,3.463443298632307e-06
2024-07-17T01:00:44+00:00,btc_mxn,1154919.98,1154920.02,3.463443298632307e-06
2024-07-17T01:00:45+00:00,btc_mxn,1154919.98,1154920.02,3.463443298632307e-06
2024-07-17T01:00:46+00:00,btc_mxn,1154919.98,1154920.02,3.463443298632307e-06
2024-07-17T01:00:47+00:00,btc_mxn,1154919.98,1154920.02,3.463443298632307e-06
2024-07-17T01:00:48+00:00,btc_mxn,1154919.98,1154920.02,3.463443298632307e-06
2024-07-17T01:00:50+00:00,btc_mxn,1154919.98,1154920.02,3.463443298632307e-06
2024-07-17T01:00:51+00:00,btc_mxn,1154919.98,1154920.02,3.463443298632307e-06
2024-07-17T01:00:52+00:00,btc_mxn,1154919.98,1154920.02,3.463443298632307e-06
2024-07-17T01:00:53+00:00,btc_mxn,1154919.98,1154920.02,3.463443298632307e-06
2024-07-17T01:00:54+00:00,btc_mxn,1154919.98,1154920.02,3.463443298632307e-06
2024-07-17T01:00:55+00:00,btc_mxn,1154919.98,1154920.02,3.463443298632307e-06
2024-07-17T01:00:56+00:00,btc_mxn,1154919.98,1154920.02,3.463443298632307e-06
2024-07-17T01:00:58+00:00,btc_mxn,1154919.98,1154920.02,3.463443298632307e-06
2024-07-17T01:00:59+00:00,btc_mxn,1154919.98,1154920.02,3.463443298632307e-06
2024-07-17T01:01:00+00:00,btc_mxn,1154919.98,1154920.02,3.463443298632307e-06
2024-07-17T01:01:01+00:00,btc_mxn,1154919.98,1154920.02,3.463443298632307e-06
2024-07-17T01:01:02+00:00,btc_mxn,1154919.98,1154920.02,3.463443298632307e-06
2024-07-17T01:01:04+00:00,btc_mxn,1154919.98,1154920.02,3.463443298632307e-06
2024-07-17T01:01:05+00:00,btc_mxn,1154919.98,1154920.02,3.463443298632307e-06
2024-07-17T01:01:06+00:00,btc_mxn,1154919.98,1154920.02,3.463443298632307e-06
2024-07-17T01:01:07+00:00,btc_mxn,1154919.98,1154920.02,3.463443298632307e-06
2024-07-17T01:01:08+00:00,btc_mxn,1154919.98,1154920.02,3.463443298632307e-06
2024-07-17T01:01:09+00:00,btc_mxn,1154919.98,1154920.02,3.463443298632307e-06
2024-07-17T01:01:11+00:00,btc_mxn,1154919.98,1154920.02,3.463443298632307e-06
2024-07-17T01:01:12+00:00,btc_mxn,1154919.98,1154920.02,3.463443298632307e-06
2024-07-17T01:01:13+00:00,btc_mxn,1154919.98,1154920.02,3.463443298632307e-06
2024-07-17T01:01:14+00:00,btc_mxn,1154919.98,1154920.02,3.463443298632307e-06
2024-07-17T01:01:15+00:00,btc_mxn,1154919.98,1154920.02,3.463443298632307e-06
2024-07-17T01:01:16+00:00,btc_mxn,1154919.98,1154920.02,3.463443298632307e-06
2024-07-17T01:01:18+00:00,btc_mxn,1154919.98,1154920.02,3.463443298632307e-06
2024-07-17T01:01:19+00:00,btc_mxn,1154919.98,1154920.02,3.463443298632307e-06
2024-07-17T01:01:20+00:00,btc_mxn,1154919.98,1154920.02,3.463443298632307e-06
2024-07-17T01:01:21+00:00,btc_mxn,1154919.98,1154920.02,3.463443298632307e-06
2024-07-17T01:01:22+00:00,btc_mxn,1154919.98,1154920.02,3.463443298632307e-06
2024-07-17T01:01:23+00:00,btc_mxn,1154919.98,1154920.02,3.463443298632307e-06
2024-07-17T01:01:24+00:00,btc_mxn,1154919.98,1154920.02,3.463443298632307e-06
2024-07-17T01:01:26+00:00,btc_mxn,1154919.98,1154920.02,3.463443298632307e-06
2024-07-17T01:01:27+00:00,btc_mxn,1154919.98,1154920.02,3.463443298632307e-06
2024-07-17T01:01:28+00:00,btc_mxn,1154919.98,1154920.02,3.463443298632307e-06
2024-07-17T01:01:29+00:00,btc_mxn,1154919.98,1154920.02,3.463443298632307e-06
2024-07-17T01:01:30+00:00,btc_mxn,1154919.98,1154920.02,3.463443298632307e-06
2024-07-17T01:01:31+00:00,btc_mxn,1154919.98,1154920.02,3.463443298632307e-06
2024-07-17T01:01:33+00:00,btc_mxn,1154919.98,1154920.02,3.463443298632307e-06
2024-07-17T01:01:34+00:00,btc_mxn,1154919.98,1154920.02,3.463443298632307e-06
2024-07-17T01:01:35+00:00,btc_mxn,1154919.98,1154920.02,3.463443298632307e-06
2024-07-17T01:01:36+00:00,btc_mxn,1154919.98,1154920.02,3.463443298632307e-06
2024-07-17T01:01:37+00:00,btc_mxn,1154919.98,1154920.02,3.463443298632307e-06
2024-07-17T01:01:38+00:00,btc_mxn,1154919.98,1154920.02,3.463443298632307e-06
2024-07-17T01:01:39+00:00,btc_mxn,1154919.98,1154920.02,3.463443298632307e-06
2024-07-17T01:01:41+00:00,btc_mxn,1154919.98,1154920.02,3.463443298632307e-06
2024-07-17T01:01:42+00:00,btc_mxn,1154919.98,1154920.02,3.463443298632307e-06
2024-07-17T01:01:43+00:00,btc_mxn,1154919.98,1154920.02,3.463443298632307e-06
2024-07-17T01:01:44+00:00,btc_mxn,1154919.98,1154920.02,3.463443298632307e-06
2024-07-17T01:01:45+00:00,btc_mxn,1154919.98,1154920.02,3.463443298632307e-06
2024-07-17T01:01:46+00:00,btc_mxn,1154919.98,1154920.02,3.463443298632307e-06
2024-07-17T01:01:48+00:00,btc_mxn,1154919.98,1154920.02,3.463443298632307e-06
2024-07-17T01:01:49+00:00,btc_mxn,1154919.98,1154920.02,3.463443298632307e-06
2024-07-17T01:01:50+00:00,btc_mxn,1154919.98,1154920.02,3.463443298632307e-06
2024-07-17T01:01:51+00:00,btc_mxn,1154919.98,1154920.02,3.463443298632307e-06
2024-07-17T01:01:52+00:00,btc_mxn,1154919.98,1154920.02,3.463443298632307e-06
2024-07-17T01:01:53+00:00,btc_mxn,1154919.98,1154920.02,3.463443298632307e-06
2024-07-17T01:01:55+00:00,btc_mxn,1154919.98,1154920.02,3.463443298632307e-06
2024-07-17T01:01:56+00:00,btc_mxn,1154919.98,1154920.02,3.463443298632307e-06
2024-07-17T01:01:57+00:00,btc_mxn,1154919.98,1154920.02,3.463443298632307e-06
2024-07-17T01:01:58+00:00,btc_mxn,1154919.98,1154920.02,3.463443298632307e-06
2024-07-17T01:01:59+00:00,btc_mxn,1154919.98,1154920.02,3.463443298632307e-06
2024-07-17T01:02:00+00:00,btc_mxn,1154919.98,1154920.02,3.463443298632307e-06
2024-07-17T01:00:01+00:00,btc_mxn,1154919.98,1154920.02,3.463443298632307e-06
2024-07-17T01:00:02+00:00,btc_mxn,1154919.98,1154920.02,3.463443298632307e-06
2024-07-17T01:00:03+00:00,btc_mxn,1154919.98,1154920.02,3.463443298632307e-06
2024-07-17T01:00:04+00:00,btc_mxn,1154919.98,1154920.02,3.463443298632307e-06
2024-07-17T01:00:05+00:00,btc_mxn,1154919.98,1154920.02,3.463443298632307e-06
2024-07-17T01:00:06+00:00,btc_mxn,1154919.98,1154920.02,3.463443298632307e-06
2024-07-17T01:00:08+00:00,btc_mxn,1154919.98,1154920.02,3.463443298632307e-06
2024-07-17T01:00:09+00:00,btc_mxn,1154919.98,1154920.02,3.463443298632307e-06
2024-07-17T01:00:10+00:00,btc_mxn,1154919.98,1154920.02,3.463443298632307e-06
2024-07-17T01:00:11+00:00,btc_mxn,1154919.98,1154920.02,3.463443298632307e-06
2024-07-17T01:00:12+00:00,btc_mxn,1154919.98,1154920.02,3.463443298632307e-06
2024-07-17T01:00:13+00:00,btc_mxn,1154919.98,1154920.02,3.463443298632307e-06
2024-07-17T01:00:15+00:00,btc_mxn,1154919.98,1154920.02,3.463443298632307e-06
2024-07-17T01:00:16+00:00,btc_mxn,1154919.98,1154920.02,3.463443298632307e-06
2024-07-17T01:00:17+00:00,btc_mxn,1154919.98,1154920.02,3.463443298632307e-06
2024-07-17T01:00:18+00:00,btc_mxn,1154919.98,1154920.02,3.463443298632307e-06
2024-07-17T01:00:19+00:00,btc_mxn,1154919.98,1154920.02,3.463443298632307e-06
2024-07-17T01:00:20+00:00,btc_mxn,1154919.98,1154920.02,3.463443298632307e-06
2024-07-17T01:00:22+00:00,btc_mxn,1154919.98,1154920.02,3.463443298632307e-06
2024-07-17T01:00:23+00:00,btc_mxn,1154919.98,1154920.02,3.463443298632307e-06
2024-07-17T01:00:24+00:00,btc_mxn,1154919.98,1154920.02,3.463443298632307e-06
2024-07-17T01:00:25+00:00,btc_mxn,1154919.98,1154920.02,3.463443298632307e-06
2024-07-17T01:00:26+00:00,btc_mxn,1154919.98,1154920.02,3.463443298632307e-06
2024-07-17T01:00:27+00:00,btc_mxn,1154919.98,1154920.02,3.463443298632307e-06
2024-07-17T01:00:29+00:00,btc_mxn,1154919.98,1154920.02,3.463443298632307e-06
2024-07-17T01:00:30+00:00,btc_mxn,1154919.98,1154920.02,3.463443298632307e-06
2024-07-17T01:00:31+00:00,btc_mxn,1154919.98,1154920.02,3.463443298632307e-06
2024-07-17T01:00:32+00:00,btc_mxn,1154919.98,1154920.02,3.463443298632307e-06
2024-07-17T01:00:33+00:00,btc_mxn,1154919.98,1154920.02,3.463443298632307e-06
2024-07-17T01:00:34+00:00,btc_mxn,1154919.98,1154920.02,3.463443298632307e-06
2024-07-17T01:00:36+00:00,btc_mxn,1154919.98,1154920.02,3.463443298632307e-06
2024-07-17T01:00:37+00:00,btc_mxn,1154919.98,1154920.02,3.463443298632307e-06
2024-07-17T01:00:38+00:00,btc_mxn,1154919.98,1154920.02,3.463443298632307e-06
2024-07-17T01:00:39+00:00,btc_mxn,1154919.98,1154920.02,3.463443298632307e-06
2024-07-17T01:00:40+00:00,btc_mxn,1154919.98,1154920.02,3.463443298632307e-06
2024-07-17T01:00:41+00:00,btc_mxn,1154919.98,1154920.02,3.463443298632307e-06
2024-07-17T01:00:43+00:00,btc_mxn,1154919.98,1154920.02,3.463443298632307e-06
2024-07-17T01:00:44+00:00,btc_mxn,1154919.98,1154920.02,3.463443298632307e-06
2024-07-17T01:00:45+00:00,btc_mxn,1154919.98,1154920.02,3.463443298632307e-06
2024-07-17T01:00:46+00:00,btc_mxn,1154919.98,1154920.02,3.463443298632307e-06
2024-07-17T01:00:47+00:00,btc_mxn,1154919.98,1154920.02,3.463443298632307e-06
2024-07-17T01:00:48+00:00,btc_mxn,1154919.98,1154920.02,3.463443298632307e-06
2024-07-17T01:00:50+00:00,btc_mxn,1154919.98,1154920.02,3.463443298632307e-06
2024-07-17T01:00:51+00:00,btc_mxn,1154919.98,1154920.02,3.463443298632307e-06
2024-07-17T01:00:52+00:00,btc_mxn,1154919.98,1154920.02,3.463443298632307e-06
2024-07-17T01:00:53+00:00,btc_mxn,1154919.98,1154920.02,3.463443298632307e-06
2024-07-17T01:00:54+00:00,btc_mxn,1154919.98,1154920.02,3.463443298632307e-06
2024-07-17T01:00:55+00:00,btc_mxn,1154919.98,1154920.02,3.463443298632307e-06
2024-07-17T01:00:56+00:00,btc_mxn,1154919.98,1154920.02,3.463443298632307e-06
2024-07-17T01:00:58+00:00,btc_mxn,1154919.98,1154920.02,3.463443298632307e-06
2024-07-17T01:00:59+00:00,btc_mxn,1154919.98,1154920.02,3.463443298632307e-06
2024-07-17T01:01:00+00:00,btc_mxn,1154919.98,1154920.02,3.463443298632307e-06
2024-07-17T01:01:01+00:00,btc_mxn,1154919.98,1154920.02,3.463443298632307e-06
2024-07-17T01:01:02+00:00,btc_mxn,1154919.98,1154920.02,3.463443298632307e-06
2024-07-17T01:01:04+00:00,btc_mxn,1154919.98,1154920.02,3.463443298632307e-06
2024-07-17T01:01:05+00:00,btc_mxn,1154919.98,1154920.02,3.463443298632307e-06
2024-07-17T01:01:06+00:00,btc_mxn,1154919.98,1154920.02,3.463443298632307e-06
2024-07-17T01:01:07+00:00,btc_mxn,1154919.98,1154920.02,3.463443298632307e-06
2024-07-17T01:01:08+00:00,btc_mxn,1154919.98,1154920.02,3.463443298632307e-06
2024-07-17T01:01:09+00:00,btc_mxn,1154919.98,1154920.02,3.463443298632307e-06
2024-07-17T01:01:11+00:00,btc_mxn,1154919.98,1154920.02,3.463443298632307e-06
2024-07-17T01:01:12+00:00,btc_mxn,1154919.98,1154920.02,3.463443298632307e-06
2024-07-17T01:01:13+00:00,btc_mxn,1154919.98,1154920.02,3.463443298632307e-06
2024-07-17T01:01:14+00:00,btc_mxn,1154919.98,1154920.02,3.463443298632307e-06
2024-07-17T01:01:15+00:00,btc_mxn,1154919.98,1154920.02,3.463443298632307e-06
2024-07-17T01:01:16+00:00,btc_mxn,1154919.98,1154920.02,3.463443298632307e-06
2024-07-17T01:01:18+00:00,btc_mxn,1154919.98,1154920.02,3.463443298632307e-06
2024-07-17T01:01:19+00:00,btc_mxn,1154919.98,1154920.02,3.463443298632307e-06
2024-07-17T01:01:20+00:00,btc_mxn,1154919.98,1154920.02,3.463443298632307e-06
2024-07-17T01:01:21+00:00,btc_mxn,1154919.98,1154920.02,3.463443298632307e-06
2024-07-17T01:01:22+00:00,btc_mxn,1154919.98,1154920.02,3.463443298632307e-06
2024-07-17T01:01:23+00:00,btc_mxn,1154919.98,1154920.02,3.463443298632307e-06
2024-07-17T01:01:24+00:00,btc_mxn,1154919.98,1154920.02,3.463443298632307e-06
2024-07-17T01:01:26+00:00,btc_mxn,1154919.98,1154920.02,3.463443298632307e-06
2024-07-17T01:01:27+00:00,btc_mxn,1154919.98,1154920.02,3.463443298632307e-06
2024-07-17T01:01:28+00:00,btc_mxn,1154919.98,1154920.02,3.463443298632307e-06
2024-07-17T01:01:29+00:00,btc_mxn,1154919.98,1154920.02,3.463443298632307e-06
2024-07-17T01:01:30+00:00,btc_mxn,1154919.98,1154920.02,3.463443298632307e-06
2024-07-17T01:01:31+00:00,btc_mxn,1154919.98,1154920.02,3.463443298632307e-06
2024-07-17T01:01:33+00:00,btc_mxn,1154919.98,1154920.02,3.463443298632307e-06
2024-07-17T01:01:34+00:00,btc_mxn,1154919.98,1154920.02,3.463443298632307e-06
2024-07-17T01:01:35+00:00,btc_mxn,1154919.98,1154920.02,3.463443298632307e-06
2024-07-17T01:01:36+00:00,btc_mxn,1154919.98,1154920.02,3.463443298632307e-06
2024-07-17T01:01:37+00:00,btc_mxn,1154919.98,1154920.02,3.463443298632307e-06
2024-07-17T01:01:38+00:00,btc_mxn,1154919.98,1154920.02,3.463443298632307e-06
2024-07-17T01:01:39+00:00,btc_mxn,1154919.98,1154920.02,3.463443298632307e-06
2024-07-17T01:01:41+00:00,btc_mxn,1154919.98,1154920.02,3.463443298632307e-06
2024-07-17T01:01:42+00:00,btc_mxn,1154919.98,1154920.02,3.463443298632307e-06
2024-07-17T01:01:43+00:00,btc_mxn,1154919.98,1154920.02,3.463443298632307e-06
2024-07-17T01:01:44+00:00,btc_mxn,1154919.98,1154920.02,3.463443298632307e-06
2024-07-17T01:01:46+00:00,btc_mxn,1154919.98,1154920.02,3.463443298632307e-06
2024-07-17T01:01:47+00:00,btc_mxn,1154919.98,1154920.02,3.463443298632307e-06
2024-07-17T01:01:48+00:00,btc_mxn,1154919.98,1154920.02,3.463443298632307e-06
2024-07-17T01:01:49+00:00,btc_mxn,1154919.98,1154920.02,3.463443298632307e-06
2024-07-17T01:01:50+00:00,btc_mxn,1154919.98,1154920.02,3.463443298632307e-06
2024-07-17T01:01:51+00:00,btc_mxn,1154919.98,1154920.02,3.463443298632307e-06
2024-07-17T01:01:53+00:00,btc_mxn,1154919.98,1154920.02,3.463443298632307e-06
2024-07-17T01:01:54+00:00,btc_mxn,1154919.98,1154920.02,3.463443298632307e-06
2024-07-17T01:01:55+00:00,btc_mxn,1154919.98,1154920.02,3.463443298632307e-06
2024-07-17T01:01:56+00:00,btc_mxn,1154919.98,1154920.02,3.463443298632307e-06
2024-07-17T01:01:57+00:00,btc_mxn,1154919.98,1154920.02,3.463443298632307e-06
2024-07-17T01:01:58+00:00,btc_mxn,1154919.98,1154920.02,3.463443298632307e-06
2024-07-17T01:02:00+00:00,btc_mxn,1154919.98,1154920.02,3.463443298632307e-06
2024-07-17T01:02:01+00:00,btc_mxn,1154919.98,1154920.02,3.463443298632307e-06
2024-07-17T01:02:02+00:00,btc_mxn,1154919.98,1154920.02,3.463443298632307e-06
2024-07-17T01:02:03+00:00,btc_mxn,1154919.98,1154920.02,3.463443298632307e-06
2024-07-17T01:02:04+00:00,btc_mxn,1154919.98,1154920.02,3.463443298632307e-06
2024-07-17T01:02:05+00:00,btc_mxn,1154919.98,1154920.02,3.463443298632307e-06
2024-07-17T01:02:07+00:00,btc_mxn,1154919.98,1154920.02,3.463443298632307e-06
2024-07-17T01:02:08+00:00,btc_mxn,1154919.98,1154920.02,3.463443298632307e-06
2024-07-17T01:02:09+00:00,btc_mxn,1154999.98,1155000.0,1.7316017332144115e-06
2024-07-17T01:02:10+00:00,btc_mxn,1154999.98,1155000.0,1.7316017332144115e-06
2024-07-17T01:00:00+00:00,btc_mxn,1154919.98,1154920.02,3.463443298632307e-06
2024-07-17T01:00:01+00:00,btc_mxn,1154919.98,1154920.02,3.463443298632307e-06
2024-07-17T01:00:02+00:00,btc_mxn,1154919.98,1154920.02,3.463443298632307e-06
2024-07-17T01:00:03+00:00,btc_mxn,1154919.98,1154920.02,3.463443298632307e-06
2024-07-17T01:00:04+00:00,btc_mxn,1154919.98,1154920.02,3.463443298632307e-06
2024-07-17T01:00:05+00:00,btc_mxn,1154919.98,1154920.02,3.463443298632307e-06
2024-07-17T01:00:07+00:00,btc_mxn,1154919.98,1154920.02,3.463443298632307e-06
2024-07-17T01:00:08+00:00,btc_mxn,1154919.98,1154920.02,3.463443298632307e-06
2024-07-17T01:00:09+00:00,btc_mxn,1154919.98,1154920.02,3.463443298632307e-06
2024-07-17T01:00:10+00:00,btc_mxn,1154919.98,1154920.02,3.463443298632307e-06
2024-07-17T01:00:11+00:00,btc_mxn,1154919.98,1154920.02,3.463443298632307e-06
2024-07-17T01:00:12+00:00,btc_mxn,1154919.98,1154920.02,3.463443298632307e-06
2024-07-17T01:00:14+00:00,btc_mxn,1154919.98,1154920.02,3.463443298632307e-06
2024-07-17T01:00:15+00:00,btc_mxn,1154919.98,1154920.02,3.463443298632307e-06
2024-07-17T01:00:16+00:00,btc_mxn,1154919.98,1154920.02,3.463443298632307e-06
2024-07-17T01:00:17+00:00,btc_mxn,1154919.98,1154920.02,3.463443298632307e-06
2024-07-17T01:00:18+00:00,btc_mxn,1154919.98,1154920.02,3.463443298632307e-06
2024-07-17T01:00:19+00:00,btc_mxn,1154919.98,1154920.02,3.463443298632307e-06
2024-07-17T01:00:20+00:00,btc_mxn,1154919.98,1154920.02,3.463443298632307e-06
2024-07-17T01:00:22+00:00,btc_mxn,1154919.98,1154920.02,3.463443298632307e-06
2024-07-17T01:00:23+00:00,btc_mxn,1154919.98,1154920.02,3.463443298632307e-06
2024-07-17T01:00:24+00:00,btc_mxn,1154919.98,1154920.02,3.463443298632307e-06
2024-07-17T01:00:25+00:00,btc_mxn,1154919.98,1154920.02,3.463443298632307e-06
2024-07-17T01:00:26+00:00,btc_mxn,1154919.98,1154920.02,3.463443298632307e-06
2024-07-17T01:00:27+00:00,btc_mxn,1154919.98,1154920.02,3.463443298632307e-06
2024-07-17T01:00:29+00:00,btc_mxn,1154919.98,1154920.02,3.463443298632307e-06
2024-07-17T01:00:30+00:00,btc_mxn,1154919.98,1154920.02,3.463443298632307e-06
2024-07-17T01:00:31+00:00,btc_mxn,1154919.98,1154920.02,3.463443298632307e-06
2024-07-17T01:00:32+00:00,btc_mxn,1154919.98,1154920.02,3.463443298632307e-06
2024-07-17T01:00:33+00:00,btc_mxn,1154919.98,1154920.02,3.463443298632307e-06
2024-07-17T01:00:34+00:00,btc_mxn,1154919.98,1154920.02,3.463443298632307e-06
2024-07-17T01:00:36+00:00,btc_mxn,1154919.98,1154920.02,3.463443298632307e-06
2024-07-17T01:00:37+00:00,btc_mxn,1154919.98,1154920.02,3.463443298632307e-06
2024-07-17T01:00:38+00:00,btc_mxn,1154919.98,1154920.02,3.463443298632307e-06
2024-07-17T01:00:39+00:00,btc_mxn,1154919.98,1154920.02,3.463443298632307e-06
2024-07-17T01:00:41+00:00,btc_mxn,1154919.98,1154920.02,3.463443298632307e-06
2024-07-17T01:00:42+00:00,btc_mxn,1154919.98,1154920.02,3.463443298632307e-06
2024-07-17T01:00:43+00:00,btc_mxn,1154919.98,1154920.02,3.463443298632307e-06
2024-07-17T01:00:44+00:00,btc_mxn,1154919.98,1154920.02,3.463443298632307e-06
2024-07-17T01:00:45+00:00,btc_mxn,1154919.98,1154920.02,3.463443298632307e-06
2024-07-17T01:00:46+00:00,btc_mxn,1154919.98,1154920.02,3.463443298632307e-06
2024-07-17T01:00:48+00:00,btc_mxn,1154919.98,1154920.02,3.463443298632307e-06
2024-07-17T01:00:49+00:00,btc_mxn,1154919.98,1154920.02,3.463443298632307e-06
2024-07-17T01:00:50+00:00,btc_mxn,1154919.98,1154920.02,3.463443298632307e-06
2024-07-17T01:00:51+00:00,btc_mxn,1154919.98,1154920.02,3.463443298632307e-06
2024-07-17T01:00:52+00:00,btc_mxn,1154919.98,1154920.02,3.463443298632307e-06
2024-07-17T01:00:53+00:00,btc_mxn,1154919.98,1154920.02,3.463443298632307e-06
2024-07-17T01:00:54+00:00,btc_mxn,1154919.98,1154920.02,3.463443298632307e-06
2024-07-17T01:00:56+00:00,btc_mxn,1154919.98,1154920.02,3.463443298632307e-06
2024-07-17T01:00:57+00:00,btc_mxn,1154919.98,1154920.02,3.463443298632307e-06
2024-07-17T01:00:58+00:00,btc_mxn,1154919.98,1154920.02,3.463443298632307e-06
2024-07-17T01:00:59+00:00,btc_mxn,1154919.98,1154920.02,3.463443298632307e-06
2024-07-17T01:01:00+00:00,btc_mxn,1154919.98,1154920.02,3.463443298632307e-06
2024-07-17T01:01:01+00:00,btc_mxn,1154919.98,1154920.02,3.463443298632307e-06
2024-07-17T01:01:03+00:00,btc_mxn,1154919.98,1154920.02,3.463443298632307e-06
2024-07-17T01:01:04+00:00,btc_mxn,1154919.98,1154920.02,3.463443298632307e-06
2024-07-17T01:01:05+00:00,btc_mxn,1154919.98,1154920.02,3.463443298632307e-06
2024-07-17T01:01:06+00:00,btc_mxn,1154919.98,1154920.02,3.463443298632307e-06
2024-07-17T01:01:07+00:00,btc_mxn,1154919.98,1154920.02,3.463443298632307e-06
2024-07-17T01:01:08+00:00,btc_mxn,1154919.98,1154920.02,3.463443298632307e-06
2024-07-17T01:01:10+00:00,btc_mxn,1154919.98,1154920.02,3.463443298632307e-06
2024-07-17T01:01:11+00:00,btc_mxn,1154919.98,1154920.02,3.463443298632307e-06
2024-07-17T01:01:12+00:00,btc_mxn,1154919.98,1154920.02,3.463443298632307e-06
2024-07-17T01:01:13+00:00,btc_mxn,1154919.98,1154920.02,3.463443298632307e-06
2024-07-17T01:01:14+00:00,btc_mxn,1154919.98,1154920.02,3.463443298632307e-06
2024-07-17T01:01:15+00:00,btc_mxn,1154919.98,1154920.02,3.463443298632307e-06
2024-07-17T01:01:17+00:00,btc_mxn,1154919.98,1154920.02,3.463443298632307e-06
2024-07-17T01:01:18+00:00,btc_mxn,1154919.98,1154920.02,3.463443298632307e-06
2024-07-17T01:01:19+00:00,btc_mxn,1154919.98,1154920.02,3.463443298632307e-06
2024-07-17T01:01:20+00:00,btc_mxn,1154919.98,1154920.02,3.463443298632307e-06
2024-07-17T01:01:22+00:00,btc_mxn,1154919.98,1154920.02,3.463443298632307e-06
2024-07-17T01:01:23+00:00,btc_mxn,1154919.98,1154920.02,3.463443298632307e-06
2024-07-17T01:01:24+00:00,btc_mxn,1154919.98,1154920.02,3.463443298632307e-06
2024-07-17T01:01:25+00:00,btc_mxn,1154919.98,1154920.02,3.463443298632307e-06
2024-07-17T01:01:26+00:00,btc_mxn,1154919.98,1154920.02,3.463443298632307e-06
2024-07-17T01:01:27+00:00,btc_mxn,1154919.98,1154920.02,3.463443298632307e-06
2024-07-17T01:01:29+00:00,btc_mxn,1154919.98,1154920.02,3.463443298632307e-06
2024-07-17T01:01:30+00:00,btc_mxn,1154919.98,1154920.02,3.463443298632307e-06
2024-07-17T01:01:31+00:00,btc_mxn,1154919.98,1154920.02,3.463443298632307e-06
2024-07-17T01:01:32+00:00,btc_mxn,1154919.98,1154920.02,3.463443298632307e-06
2024-07-17T01:01:33+00:00,btc_mxn,1154919.98,1154920.02,3.463443298632307e-06
2024-07-17T01:01:34+00:00,btc_mxn,1154919.98,1154920.02,3.463443298632307e-06
2024-07-17T01:01:35+00:00,btc_mxn,1154919.98,1154920.02,3.463443298632307e-06
2024-07-17T01:01:37+00:00,btc_mxn,1154919.98,1154920.02,3.463443298632307e-06
2024-07-17T01:01:38+00:00,btc_mxn,1154919.98,1154920.02,3.463443298632307e-06
2024-07-17T01:01:39+00:00,btc_mxn,1154919.98,1154920.02,3.463443298632307e-06
2024-07-17T01:01:40+00:00,btc_mxn,1154919.98,1154920.02,3.463443298632307e-06
2024-07-17T01:01:41+00:00,btc_mxn,1154919.98,1154920.02,3.463443298632307e-06
2024-07-17T01:01:42+00:00,btc_mxn,1154919.98,1154920.02,3.463443298632307e-06
2024-07-17T01:01:44+00:00,btc_mxn,1154919.98,1154920.02,3.463443298632307e-06
2024-07-17T01:01:45+00:00,btc_mxn,1154919.98,1154920.02,3.463443298632307e-06
2024-07-17T01:01:46+00:00,btc_mxn,1154919.98,1154920.02,3.463443298632307e-06
2024-07-17T01:01:47+00:00,btc_mxn,1154919.98,1154920.02,3.463443298632307e-06
2024-07-17T01:01:48+00:00,btc_mxn,1154919.98,1154920.02,3.463443298632307e-06
2024-07-17T01:01:49+00:00,btc_mxn,1154919.98,1154920.02,3.463443298632307e-06
2024-07-17T01:01:51+00:00,btc_mxn,1154919.98,1154920.02,3.463443298632307e-06
2024-07-17T01:01:52+00:00,btc_mxn,1154919.98,1154920.02,3.463443298632307e-06
2024-07-17T01:01:53+00:00,btc_mxn,1154919.98,1154920.02,3.463443298632307e-06
2024-07-17T01:01:54+00:00,btc_mxn,1154919.98,1154920.02,3.463443298632307e-06
2024-07-17T01:01:55+00:00,btc_mxn,1154919.98,1154920.02,3.463443298632307e-06
2024-07-17T01:01:56+00:00,btc_mxn,1154919.98,1154920.02,3.463443298632307e-06
2024-07-17T01:01:57+00:00,btc_mxn,1154919.98,1154920.02,3.463443298632307e-06
2024-07-17T01:01:59+00:00,btc_mxn,1154919.98,1154920.02,3.463443298632307e-06
2024-07-17T01:02:00+00:00,btc_mxn,1154919.98,1154920.02,3.463443298632307e-06
2024-07-17T01:02:01+00:00,btc_mxn,1154919.98,1154920.02,3.463443298632307e-06
2024-07-17T01:02:02+00:00,btc_mxn,1154919.98,1154920.02,3.463443298632307e-06
2024-07-17T01:02:03+00:00,btc_mxn,1154919.98,1154920.02,3.463443298632307e-06
2024-07-17T01:02:04+00:00,btc_mxn,1154919.98,1154920.02,3.463443298632307e-06
2024-07-17T01:02:06+00:00,btc_mxn,1154919.98,1154920.02,3.463443298632307e-06
2024-07-17T01:02:07+00:00,btc_mxn,1154919.98,1154920.02,3.463443298632307e-06
2024-07-17T01:02:08+00:00,btc_mxn,1154919.98,1154920.02,3.463443298632307e-06
2024-07-17T01:02:09+00:00,btc_mxn,1154999.98,1155000.0,1.7316017332144115e-06
2024-07-17T01:02:10+00:00,btc_mxn,1154999.98,1155000.0,1.7316017332144115e-06
2024-07-17T01:02:11+00:00,btc_mxn,1154999.98,1155000.0,1.7316017332144115e-06
2024-07-17T01:27:15+00:00,btc_mxn,1161870.0,1161870.02,1.7213629471760061e-06
2024-07-17T01:27:16+00:00,btc_mxn,1161870.0,1161870.02,1.7213629471760061e-06
2024-07-17T01:27:17+00:00,btc_mxn,1161869.98,1161870.02,3.4427258943520123e-06
2024-07-17T01:27:18+00:00,btc_mxn,1161869.98,1161870.02,3.4427258943520123e-06
2024-07-17T01:27:20+00:00,btc_mxn,1161869.98,1161870.02,3.4427258943520123e-06
2024-07-17T01:27:21+00:00,btc_mxn,1161869.98,1161870.02,3.4427258943520123e-06
2024-07-17T01:27:22+00:00,btc_mxn,1161869.98,1161870.02,3.4427258943520123e-06
2024-07-17T01:27:24+00:00,btc_mxn,1161869.98,1161870.02,3.4427258943520123e-06
2024-07-17T01:27:25+00:00,btc_mxn,1161869.98,1161870.02,3.4427258943520123e-06
2024-07-17T01:27:26+00:00,btc_mxn,1161869.98,1161870.02,3.4427258943520123e-06
2024-07-17T01:27:27+00:00,btc_mxn,1161869.98,1161870.02,3.4427258943520123e-06
2024-07-17T01:27:28+00:00,btc_mxn,1161869.98,1161870.02,3.4427258943520123e-06
2024-07-17T01:27:29+00:00,btc_mxn,1161869.98,1161870.02,3.4427258943520123e-06
2024-07-17T01:27:30+00:00,btc_mxn,1161869.98,1161870.02,3.4427258943520123e-06
2024-07-17T01:27:32+00:00,btc_mxn,1161869.98,1161870.02,3.4427258943520123e-06
2024-07-17T01:27:33+00:00,btc_mxn,1161869.98,1161870.02,3.4427258943520123e-06
2024-07-17T01:27:34+00:00,btc_mxn,1161869.98,1161870.02,3.4427258943520123e-06
2024-07-17T01:27:35+00:00,btc_mxn,1161869.98,1161870.02,3.4427258943520123e-06
2024-07-17T01:27:36+00:00,btc_mxn,1161869.98,1161870.02,3.4427258943520123e-06
2024-07-17T01:27:37+00:00,btc_mxn,1161869.98,1161870.02,3.4427258943520123e-06
2024-07-17T01:27:39+00:00,btc_mxn,1161869.98,1161870.02,3.4427258943520123e-06
2024-07-17T01:27:40+00:00,btc_mxn,1161869.98,1161870.02,3.4427258943520123e-06
2024-07-17T01:27:41+00:00,btc_mxn,1161869.98,1161870.02,3.4427258943520123e-06
2024-07-17T01:27:42+00:00,btc_mxn,1161869.98,1161870.02,3.4427258943520123e-06
2024-07-17T01:27:43+00:00,btc_mxn,1161869.98,1161870.02,3.4427258943520123e-06
2024-07-17T01:27:44+00:00,btc_mxn,1161869.98,1161870.02,3.4427258943520123e-06
2024-07-17T01:27:45+00:00,btc_mxn,1161869.98,1161870.02,3.4427258943520123e-06
2024-07-17T01:27:47+00:00,btc_mxn,1161869.98,1161870.02,3.4427258943520123e-06
2024-07-17T01:27:48+00:00,btc_mxn,1161869.98,1161870.02,3.4427258943520123e-06
2024-07-17T01:27:49+00:00,btc_mxn,1161869.98,1161870.02,3.4427258943520123e-06
2024-07-17T01:27:50+00:00,btc_mxn,1161869.98,1161870.02,3.4427258943520123e-06
2024-07-17T01:27:51+00:00,btc_mxn,1161869.98,1161870.02,3.4427258943520123e-06
2024-07-17T01:27:52+00:00,btc_mxn,1161869.98,1161870.02,3.4427258943520123e-06
2024-07-17T01:27:53+00:00,btc_mxn,1161869.98,1161870.02,3.4427258943520123e-06
2024-07-17T01:27:55+00:00,btc_mxn,1161869.98,1161870.02,3.4427258943520123e-06
2024-07-17T01:27:56+00:00,btc_mxn,1161869.98,1161870.02,3.4427258943520123e-06
2024-07-17T01:27:57+00:00,btc_mxn,1161869.98,1161870.02,3.4427258943520123e-06
2024-07-17T01:27:58+00:00,btc_mxn,1161869.98,1161870.02,3.4427258943520123e-06
2024-07-17T01:27:59+00:00,btc_mxn,1161869.98,1161870.02,3.4427258943520123e-06
2024-07-17T01:28:00+00:00,btc_mxn,1161869.98,1161870.02,3.4427258943520123e-06
2024-07-17T01:28:02+00:00,btc_mxn,1161869.98,1161870.02,3.4427258943520123e-06
2024-07-17T01:28:03+00:00,btc_mxn,1161869.98,1161870.02,3.4427258943520123e-06
2024-07-17T01:28:04+00:00,btc_mxn,1161869.98,1161870.02,3.4427258943520123e-06
2024-07-17T01:28:05+00:00,btc_mxn,1161869.98,1161870.02,3.4427258943520123e-06
2024-07-17T01:28:06+00:00,btc_mxn,1161869.98,1161870.02,3.4427258943520123e-06
2024-07-17T01:28:07+00:00,btc_mxn,1161869.98,1161870.02,3.4427258943520123e-06
2024-07-17T01:28:09+00:00,btc_mxn,1161869.98,1161870.02,3.4427258943520123e-06
2024-07-17T01:28:10+00:00,btc_mxn,1161869.98,1161870.02,3.4427258943520123e-06
2024-07-17T01:28:11+00:00,btc_mxn,1161869.98,1161870.02,3.4427258943520123e-06
2024-07-17T01:28:12+00:00,btc_mxn,1161869.98,1161870.02,3.4427258943520123e-06
2024-07-17T01:28:13+00:00,btc_mxn,1161869.98,1161870.02,3.4427258943520123e-06
2024-07-17T01:28:14+00:00,btc_mxn,1161869.98,1161870.02,3.4427258943520123e-06
2024-07-17T01:28:15+00:00,btc_mxn,1161869.98,1161870.02,3.4427258943520123e-06
2024-07-17T01:28:17+00:00,btc_mxn,1161869.98,1161870.02,3.4427258943520123e-06
2024-07-17T01:28:18+00:00,btc_mxn,1161869.98,1161870.02,3.4427258943520123e-06
2024-07-17T01:28:19+00:00,btc_mxn,1161869.98,1161870.02,3.4427258943520123e-06
2024-07-17T01:28:20+00:00,btc_mxn,1161869.98,1161870.02,3.4427258943520123e-06
2024-07-17T01:28:21+00:00,btc_mxn,1161869.98,1161870.02,3.4427258943520123e-06
2024-07-17T01:28:22+00:00,btc_mxn,1161869.98,1161870.02,3.4427258943520123e-06
2024-07-17T01:28:23+00:00,btc_mxn,1161869.98,1161870.02,3.4427258943520123e-06
2024-07-17T01:28:25+00:00,btc_mxn,1161869.98,1161870.02,3.4427258943520123e-06
2024-07-17T01:28:26+00:00,btc_mxn,1161869.98,1161870.02,3.4427258943520123e-06
2024-07-17T01:28:27+00:00,btc_mxn,1161869.98,1161870.02,3.4427258943520123e-06
2024-07-17T01:28:28+00:00,btc_mxn,1161869.98,1161870.02,3.4427258943520123e-06
2024-07-17T01:28:29+00:00,btc_mxn,1161869.98,1161870.02,3.4427258943520123e-06
2024-07-17T01:28:30+00:00,btc_mxn,1161869.98,1161870.02,3.4427258943520123e-06
2024-07-17T01:28:32+00:00,btc_mxn,1161869.98,1161870.02,3.4427258943520123e-06
2024-07-17T01:28:33+00:00,btc_mxn,1161869.98,1161870.02,3.4427258943520123e-06
2024-07-17T01:28:34+00:00,btc_mxn,1161869.98,1161870.02,3.4427258943520123e-06
2024-07-17T01:28:35+00:00,btc_mxn,1161869.98,1161870.02,3.4427258943520123e-06
2024-07-17T01:28:36+00:00,btc_mxn,1161869.98,1161870.02,3.4427258943520123e-06
2024-07-17T01:28:37+00:00,btc_mxn,1161869.98,1161870.02,3.4427258943520123e-06
2024-07-17T01:28:38+00:00,btc_mxn,1161869.98,1161870.02,3.4427258943520123e-06
2024-07-17T01:28:40+00:00,btc_mxn,1161869.98,1161870.02,3.4427258943520123e-06
2024-07-17T01:28:41+00:00,btc_mxn,1161869.98,1161870.02,3.4427258943520123e-06
2024-07-17T01:28:42+00:00,btc_mxn,1161869.98,1161870.02,3.4427258943520123e-06
2024-07-17T01:28:43+00:00,btc_mxn,1161869.98,1161870.02,3.4427258943520123e-06
2024-07-17T01:28:44+00:00,btc_mxn,1161869.98,1161870.02,3.4427258943520123e-06
2024-07-17T01:28:45+00:00,btc_mxn,1161869.98,1161870.02,3.4427258943520123e-06
2024-07-17T01:28:47+00:00,btc_mxn,1161869.98,1161870.02,3.4427258943520123e-06
2024-07-17T01:28:48+00:00,btc_mxn,1161869.98,1161870.02,3.4427258943520123e-06
2024-07-17T01:28:49+00:00,btc_mxn,1161869.98,1161870.02,3.4427258943520123e-06
2024-07-17T01:28:50+00:00,btc_mxn,1161869.98,1161870.02,3.4427258943520123e-06
2024-07-17T01:28:51+00:00,btc_mxn,1161869.98,1161870.02,3.4427258943520123e-06
2024-07-17T01:28:52+00:00,btc_mxn,1161869.98,1161870.02,3.4427258943520123e-06
2024-07-17T01:28:54+00:00,btc_mxn,1161869.98,1161870.02,3.4427258943520123e-06
2024-07-17T01:28:55+00:00,btc_mxn,1161869.98,1161870.02,3.4427258943520123e-06
2024-07-17T01:28:56+00:00,btc_mxn,1161869.98,1161870.02,3.4427258943520123e-06
2024-07-17T01:28:57+00:00,btc_mxn,1161869.98,1161870.02,3.4427258943520123e-06
2024-07-17T01:28:58+00:00,btc_mxn,1161869.98,1161870.02,3.4427258943520123e-06
2024-07-17T01:28:59+00:00,btc_mxn,1161869.98,1161870.02,3.4427258943520123e-06
2024-07-17T01:29:01+00:00,btc_mxn,1161869.98,1161870.02,3.4427258943520123e-06
2024-07-17T01:29:02+00:00,btc_mxn,1161869.98,1161870.02,3.4427258943520123e-06
2024-07-17T01:29:03+00:00,btc_mxn,1161869.98,1161870.02,3.4427258943520123e-06
2024-07-17T01:29:04+00:00,btc_mxn,1161869.98,1161870.02,3.4427258943520123e-06
2024-07-17T01:29:05+00:00,btc_mxn,1161869.98,1161870.02,3.4427258943520123e-06
2024-07-17T01:29:06+00:00,btc_mxn,1161869.98,1161870.02,3.4427258943520123e-06
2024-07-17T01:29:08+00:00,btc_mxn,1161869.98,1161870.02,3.4427258943520123e-06
2024-07-17T01:29:09+00:00,btc_mxn,1161869.98,1161870.02,3.4427258943520123e-06
2024-07-17T01:29:10+00:00,btc_mxn,1161869.98,1161870.02,3.4427258943520123e-06
2024-07-17T01:29:11+00:00,btc_mxn,1161869.98,1161870.02,3.4427258943520123e-06
2024-07-17T01:29:12+00:00,btc_mxn,1161869.98,1161870.02,3.4427258943520123e-06
2024-07-17T01:29:13+00:00,btc_mxn,1161869.98,1161870.02,3.4427258943520123e-06
2024-07-17T01:29:15+00:00,btc_mxn,1161869.98,1161870.02,3.4427258943520123e-06
2024-07-17T01:29:16+00:00,btc_mxn,1161869.98,1161870.02,3.4427258943520123e-06
2024-07-17T01:29:17+00:00,btc_mxn,1161869.98,1161870.02,3.4427258943520123e-06
2024-07-17T01:29:18+00:00,btc_mxn,1161869.98,1161870.02,3.4427258943520123e-06
2024-07-17T01:29:19+00:00,btc_mxn,1161869.98,1161870.02,3.4427258943520123e-06
2024-07-17T01:29:20+00:00,btc_mxn,1161869.98,1161870.02,3.4427258943520123e-06
2024-07-17T01:29:22+00:00,btc_mxn,1161869.98,1161870.02,3.4427258943520123e-06
2024-07-17T01:29:23+00:00,btc_mxn,1161869.98,1161870.02,3.4427258943520123e-06
2024-07-17T01:29:24+00:00,btc_mxn,1161869.98,1161870.02,3.4427258943520123e-06
2024-07-17T01:29:25+00:00,btc_mxn,1161869.98,1161870.02,3.4427258943520123e-06
2024-07-17T01:29:26+00:00,btc_mxn,1161869.98,1161870.02,3.4427258943520123e-06
2024-07-17T01:29:27+00:00,btc_mxn,1161869.98,1161870.02,3.4427258943520123e-06
2024-07-17T01:29:29+00:00,btc_mxn,1161869.98,1161870.02,3.4427258943520123e-06
2024-07-17T01:29:30+00:00,btc_mxn,1161869.98,1161870.02,3.4427258943520123e-06
2024-07-17T01:29:31+00:00,btc_mxn,1161869.98,1161870.02,3.4427258943520123e-06
2024-07-17T01:29:32+00:00,btc_mxn,1161869.98,1161870.02,3.4427258943520123e-06
2024-07-17T01:29:33+00:00,btc_mxn,1161869.98,1161870.02,3.4427258943520123e-06
2024-07-17T01:29:34+00:00,btc_mxn,1161869.98,1161870.02,3.4427258943520123e-06
2024-07-17T01:29:35+00:00,btc_mxn,1161869.98,1161870.02,3.4427258943520123e-06
2024-07-17T01:29:37+00:00,btc_mxn,1161869.98,1161870.02,3.4427258943520123e-06
2024-07-17T01:29:38+00:00,btc_mxn,1161869.98,1161870.02,3.4427258943520123e-06
2024-07-17T01:29:39+00:00,btc_mxn,1161869.98,1161870.02,3.4427258943520123e-06
2024-07-17T01:29:40+00:00,btc_mxn,1161869.98,1161870.02,3.4427258943520123e-06
2024-07-17T01:29:41+00:00,btc_mxn,1161869.98,1161870.02,3.4427258943520123e-06
2024-07-17T01:29:42+00:00,btc_mxn,1161869.98,1161870.02,3.4427258943520123e-06
2024-07-17T01:29:43+00:00,btc_mxn,1161869.98,1161870.02,3.4427258943520123e-06
2024-07-17T01:29:45+00:00,btc_mxn,1161869.98,1161870.02,3.4427258943520123e-06
2024-07-17T01:29:46+00:00,btc_mxn,1161869.98,1161870.02,3.4427258943520123e-06
2024-07-17T01:29:47+00:00,btc_mxn,1161869.98,1161870.02,3.4427258943520123e-06
2024-07-17T01:29:48+00:00,btc_mxn,1161869.98,1161870.02,3.4427258943520123e-06
2024-07-17T01:29:49+00:00,btc_mxn,1161869.98,1161870.02,3.4427258943520123e-06
2024-07-17T01:29:50+00:00,btc_mxn,1161869.98,1161870.02,3.4427258943520123e-06
2024-07-17T01:29:52+00:00,btc_mxn,1161869.98,1161870.02,3.4427258943520123e-06
2024-07-17T01:29:53+00:00,btc_mxn,1161869.98,1161870.02,3.4427258943520123e-06
2024-07-17T01:29:54+00:00,btc_mxn,1161869.98,1161870.02,3.4427258943520123e-06
2024-07-17T01:29:55+00:00,btc_mxn,1161869.98,1161870.02,3.4427258943520123e-06
2024-07-17T01:29:56+00:00,btc_mxn,1161869.98,1161870.02,3.4427258943520123e-06
2024-07-17T01:29:57+00:00,btc_mxn,1161869.98,1161870.02,3.4427258943520123e-06
2024-07-17T01:29:58+00:00,btc_mxn,1161869.98,1161870.02,3.4427258943520123e-06
2024-07-17T01:30:00+00:00,btc_mxn,1161869.98,1161870.02,3.4427258943520123e-06
2024-07-17T01:30:01+00:00,btc_mxn,1161869.98,1161870.02,3.4427258943520123e-06
2024-07-17T01:30:02+00:00,btc_mxn,1161869.98,1161870.02,3.4427258943520123e-06
2024-07-17T01:30:03+00:00,btc_mxn,1161869.98,1161870.02,3.4427258943520123e-06
2024-07-17T01:30:04+00:00,btc_mxn,1161869.98,1161870.02,3.4427258943520123e-06
2024-07-17T01:30:05+00:00,btc_mxn,1161869.98,1161870.02,3.4427258943520123e-06
2024-07-17T01:30:07+00:00,btc_mxn,1161869.98,1161870.02,3.4427258943520123e-06
2024-07-17T01:30:08+00:00,btc_mxn,1161869.98,1161870.02,3.4427258943520123e-06
2024-07-17T01:30:09+00:00,btc_mxn,1161869.98,1161870.02,3.4427258943520123e-06
2024-07-17T01:30:10+00:00,btc_mxn,1161869.98,1161870.02,3.4427258943520123e-06
2024-07-17T01:30:11+00:00,btc_mxn,1161869.98,1161870.02,3.4427258943520123e-06
2024-07-17T01:30:13+00:00,btc_mxn,1161869.98,1161870.02,3.4427258943520123e-06
2024-07-17T01:30:14+00:00,btc_mxn,1161869.98,1161870.02,3.4427258943520123e-06
2024-07-17T01:30:15+00:00,btc_mxn,1161869.98,1161870.02,3.4427258943520123e-06
2024-07-17T01:30:16+00:00,btc_mxn,1161869.98,1161870.02,3.4427258943520123e-06
2024-07-17T01:30:17+00:00,btc_mxn,1161869.98,1161870.02,3.4427258943520123e-06
2024-07-17T01:30:19+00:00,btc_mxn,1161869.98,1161870.02,3.4427258943520123e-06
2024-07-17T01:30:20+00:00,btc_mxn,1161869.98,1161870.02,3.4427258943520123e-06
2024-07-17T01:30:21+00:00,btc_mxn,1161869.98,1161870.02,3.4427258943520123e-06
2024-07-17T01:30:22+00:00,btc_mxn,1161869.98,1161870.02,3.4427258943520123e-06
2024-07-17T01:30:23+00:00,btc_mxn,1161869.98,1161870.02,3.4427258943520123e-06
2024-07-17T01:30:24+00:00,btc_mxn,1161869.98,1161870.02,3.4427258943520123e-06
2024-07-17T01:30:25+00:00,btc_mxn,1161869.98,1161870.02,3.4427258943520123e-06
2024-07-17T01:30:27+00:00,btc_mxn,1161869.98,1161870.02,3.4427258943520123e-06
2024-07-17T01:30:28+00:00,btc_mxn,1161869.98,1161870.02,3.4427258943520123e-06
2024-07-17T01:30:29+00:00,btc_mxn,1161869.98,1161870.02,3.4427258943520123e-06
2024-07-17T01:30:30+00:00,btc_mxn,1161869.98,1161870.02,3.4427258943520123e-06
2024-07-17T01:30:31+00:00,btc_mxn,1161869.98,1161870.02,3.4427258943520123e-06
2024-07-17T01:30:32+00:00,btc_mxn,1161869.98,1161870.02,3.4427258943520123e-06
2024-07-17T01:30:34+00:00,btc_mxn,1161869.98,1161870.02,3.4427258943520123e-06
2024-07-17T01:30:35+00:00,btc_mxn,1161869.98,1161870.02,3.4427258943520123e-06
2024-07-17T01:30:36+00:00,btc_mxn,1161869.98,1161870.02,3.4427258943520123e-06
2024-07-17T01:30:37+00:00,btc_mxn,1161869.98,1161870.02,3.4427258943520123e-06
2024-07-17T01:30:38+00:00,btc_mxn,1161869.98,1161870.02,3.4427258943520123e-06
2024-07-17T01:30:39+00:00,btc_mxn,1161869.98,1161870.02,3.4427258943520123e-06
2024-07-17T01:30:40+00:00,btc_mxn,1161869.98,1161870.02,3.4427258943520123e-06
2024-07-17T01:30:42+00:00,btc_mxn,1161869.98,1161870.02,3.4427258943520123e-06
2024-07-17T01:30:43+00:00,btc_mxn,1161869.98,1161870.02,3.4427258943520123e-06
2024-07-17T01:30:44+00:00,btc_mxn,1161869.98,1161870.02,3.4427258943520123e-06
2024-07-17T01:30:45+00:00,btc_mxn,1161869.98,1161870.02,3.4427258943520123e-06
2024-07-17T01:30:46+00:00,btc_mxn,1161869.98,1161870.02,3.4427258943520123e-06
2024-07-17T01:30:47+00:00,btc_mxn,1161869.98,1161870.02,3.4427258943520123e-06
2024-07-17T01:30:48+00:00,btc_mxn,1161869.98,1161870.02,3.4427258943520123e-06
2024-07-17T01:30:50+00:00,btc_mxn,1161869.98,1161870.02,3.4427258943520123e-06
2024-07-17T01:30:51+00:00,btc_mxn,1161869.98,1161870.02,3.4427258943520123e-06
2024-07-17T01:30:52+00:00,btc_mxn,1161869.98,1161870.02,3.4427258943520123e-06
2024-07-17T01:30:53+00:00,btc_mxn,1161869.98,1161870.02,3.4427258943520123e-06
2024-07-17T01:30:54+00:00,btc_mxn,1161869.98,1161870.02,3.4427258943520123e-06
2024-07-17T01:30:55+00:00,btc_mxn,1161869.98,1161870.02,3.4427258943520123e-06
2024-07-17T01:30:57+00:00,btc_mxn,1161869.98,1161870.02,3.4427258943520123e-06
2024-07-17T01:30:58+00:00,btc_mxn,1161869.98,1161870.02,3.4427258943520123e-06
2024-07-17T01:30:59+00:00,btc_mxn,1161869.98,1161870.02,3.4427258943520123e-06
2024-07-17T01:31:00+00:00,btc_mxn,1161869.98,1161870.02,3.4427258943520123e-06
2024-07-17T01:31:01+00:00,btc_mxn,1161869.98,1161870.02,3.4427258943520123e-06
2024-07-17T01:31:02+00:00,btc_mxn,1161869.98,1161870.02,3.4427258943520123e-06
2024-07-17T01:31:04+00:00,btc_mxn,1161869.98,1161870.02,3.4427258943520123e-06
2024-07-17T01:31:05+00:00,btc_mxn,1161869.98,1161870.02,3.4427258943520123e-06
2024-07-17T01:31:06+00:00,btc_mxn,1161869.98,1161870.02,3.4427258943520123e-06
2024-07-17T01:31:07+00:00,btc_mxn,1161869.98,1161870.02,3.4427258943520123e-06
2024-07-17T01:31:08+00:00,btc_mxn,1161869.98,1161870.02,3.4427258943520123e-06
2024-07-17T01:31:09+00:00,btc_mxn,1161869.98,1161870.02,3.4427258943520123e-06
2024-07-17T01:31:11+00:00,btc_mxn,1161869.98,1161870.02,3.4427258943520123e-06
2024-07-17T01:31:12+00:00,btc_mxn,1161869.98,1161870.02,3.4427258943520123e-06
2024-07-17T01:31:13+00:00,btc_mxn,1161869.98,1161870.02,3.4427258943520123e-06
2024-07-17T01:31:14+00:00,btc_mxn,1161869.98,1161870.02,3.4427258943520123e-06
2024-07-17T01:31:15+00:00,btc_mxn,1161869.98,1161870.02,3.4427258943520123e-06
2024-07-17T01:31:16+00:00,btc_mxn,1161869.98,1161870.02,3.4427258943520123e-06
2024-07-17T01:31:18+00:00,btc_mxn,1161869.98,1161870.02,3.4427258943520123e-06
2024-07-17T01:31:19+00:00,btc_mxn,1161869.98,1161870.02,3.4427258943520123e-06
2024-07-17T01:31:20+00:00,btc_mxn,1161869.98,1161870.02,3.4427258943520123e-06
2024-07-17T01:31:21+00:00,btc_mxn,1161869.98,1161870.02,3.4427258943520123e-06
2024-07-17T01:31:22+00:00,btc_mxn,1161869.98,1161870.02,3.4427258943520123e-06
2024-07-17T01:31:23+00:00,btc_mxn,1161869.98,1161870.02,3.4427258943520123e-06
2024-07-17T01:31:25+00:00,btc_mxn,1161869.98,1161870.02,3.4427258943520123e-06
2024-07-17T01:31:26+00:00,btc_mxn,1161869.98,1161870.02,3.4427258943520123e-06
2024-07-17T01:31:27+00:00,btc_mxn,1161869.98,1161870.02,3.4427258943520123e-06
2024-07-17T01:31:28+00:00,btc_mxn,1161869.98,1161870.02,3.4427258943520123e-06
2024-07-17T01:31:29+00:00,btc_mxn,1161869.98,1161870.02,3.4427258943520123e-06
2024-07-17T01:31:30+00:00,btc_mxn,1161869.98,1161870.02,3.4427258943520123e-06
2024-07-17T01:31:32+00:00,btc_mxn,1161869.98,1161870.02,3.4427258943520123e-06
2024-07-17T01:31:33+00:00,btc_mxn,1161869.98,1161870.02,3.4427258943520123e-06
2024-07-17T01:31:34+00:00,btc_mxn,1161869.98,1161870.02,3.4427258943520123e-06
2024-07-17T01:31:35+00:00,btc_mxn,1161869.98,1161870.02,3.4427258943520123e-06
2024-07-17T01:31:36+00:00,btc_mxn,1161869.98,1161870.02,3.4427258943520123e-06
2024-07-17T01:31:37+00:00,btc_mxn,1161869.98,1161870.02,3.4427258943520123e-06
2024-07-17T01:31:39+00:00,btc_mxn,1161869.98,1161870.02,3.4427258943520123e-06
2024-07-17T01:31:40+00:00,btc_mxn,1161869.98,1161870.02,3.4427258943520123e-06
2024-07-17T01:31:41+00:00,btc_mxn,1161869.98,1161870.02,3.4427258943520123e-06
2024-07-17T01:31:42+00:00,btc_mxn,1161869.98,1161870.02,3.4427258943520123e-06
2024-07-17T01:31:43+00:00,btc_mxn,1161869.98,1161870.02,3.4427258943520123e-06
2024-07-17T01:31:44+00:00,btc_mxn,1161869.98,1161870.02,3.4427258943520123e-06
2024-07-17T01:31:46+00:00,btc_mxn,1161869.98,1161870.02,3.4427258943520123e-06
2024-07-17T01:31:47+00:00,btc_mxn,1161869.98,1161870.02,3.4427258943520123e-06
2024-07-17T01:31:48+00:00,btc_mxn,1161869.98,1161870.02,3.4427258943520123e-06
2024-07-17T01:31:49+00:00,btc_mxn,1161869.98,1161870.02,3.4427258943520123e-06
2024-07-17T01:31:50+00:00,btc_mxn,1161869.98,1161870.02,3.4427258943520123e-06
2024-07-17T01:31:51+00:00,btc_mxn,1161869.98,1161870.02,3.4427258943520123e-06
2024-07-17T01:31:53+00:00,btc_mxn,1161869.98,1161870.02,3.4427258943520123e-06
2024-07-17T01:31:54+00:00,btc_mxn,1161869.98,1161870.02,3.4427258943520123e-06
2024-07-17T01:31:55+00:00,btc_mxn,1161869.98,1161870.02,3.4427258943520123e-06
2024-07-17T01:31:56+00:00,btc_mxn,1161869.98,1161870.02,3.4427258943520123e-06
2024-07-17T01:31:57+00:00,btc_mxn,1161869.98,1161870.02,3.4427258943520123e-06
2024-07-17T01:31:58+00:00,btc_mxn,1161869.98,1161870.02,3.4427258943520123e-06
2024-07-17T01:31:59+00:00,btc_mxn,1161869.98,1161870.02,3.4427258943520123e-06
2024-07-17T01:32:01+00:00,btc_mxn,1161869.98,1161870.02,3.4427258943520123e-06
2024-07-17T01:32:02+00:00,btc_mxn,1161869.98,1161870.02,3.4427258943520123e-06
2024-07-17T01:32:03+00:00,btc_mxn,1161869.98,1161870.02,3.4427258943520123e-06
2024-07-17T01:32:04+00:00,btc_mxn,1161869.98,1161870.02,3.4427258943520123e-06
2024-07-17T01:32:05+00:00,btc_mxn,1161869.98,1161870.02,3.4427258943520123e-06
2024-07-17T01:32:06+00:00,btc_mxn,1161869.98,1161870.02,3.4427258943520123e-06
2024-07-17T01:32:08+00:00,btc_mxn,1162079.98,1162080.02,3.4421037578163424e-06
2024-07-17T01:32:09+00:00,btc_mxn,1162079.98,1162080.02,3.4421037578163424e-06
2024-07-17T01:32:10+00:00,btc_mxn,1162079.98,1162080.02,3.4421037578163424e-06
2024-07-17T01:32:11+00:00,btc_mxn,1162079.98,1162080.02,3.4421037578163424e-06
2024-07-17T01:32:12+00:00,btc_mxn,1162079.98,1162080.02,3.4421037578163424e-06
2024-07-17T01:32:13+00:00,btc_mxn,1162079.98,1162080.02,3.4421037578163424e-06
2024-07-17T01:32:15+00:00,btc_mxn,1162079.98,1162080.02,3.4421037578163424e-06
2024-07-17T01:32:16+00:00,btc_mxn,1162079.98,1162080.02,3.4421037578163424e-06
2024-07-17T01:32:17+00:00,btc_mxn,1162079.98,1162080.02,3.4421037578163424e-06
2024-07-17T01:32:18+00:00,btc_mxn,1162079.98,1162080.02,3.4421037578163424e-06
2024-07-17T01:32:19+00:00,btc_mxn,1162079.98,1162080.02,3.4421037578163424e-06
2024-07-17T01:32:20+00:00,btc_mxn,1162079.98,1162080.02,3.4421037578163424e-06
2024-07-17T01:32:22+00:00,btc_mxn,1162079.98,1162080.02,3.4421037578163424e-06
2024-07-17T01:32:23+00:00,btc_mxn,1162079.98,1162080.02,3.4421037578163424e-06
2024-07-17T01:32:24+00:00,btc_mxn,1162079.98,1162080.02,3.4421037578163424e-06
2024-07-17T01:32:25+00:00,btc_mxn,1162079.98,1162080.02,3.4421037578163424e-06
2024-07-17T01:32:26+00:00,btc_mxn,1162079.98,1162080.02,3.4421037578163424e-06
2024-07-17T01:32:27+00:00,btc_mxn,1162079.98,1162080.02,3.4421037578163424e-06
2024-07-17T01:32:29+00:00,btc_mxn,1162079.98,1162080.02,3.4421037578163424e-06
2024-07-17T01:32:30+00:00,btc_mxn,1162079.98,1162080.02,3.4421037578163424e-06
2024-07-17T01:32:31+00:00,btc_mxn,1162079.98,1162080.02,3.4421037578163424e-06
2024-07-17T01:32:32+00:00,btc_mxn,1162079.98,1162080.02,3.4421037578163424e-06
2024-07-17T01:32:34+00:00,btc_mxn,1162079.98,1162080.02,3.4421037578163424e-06
2024-07-17T01:32:35+00:00,btc_mxn,1162079.98,1162080.02,3.4421037578163424e-06
2024-07-17T01:32:36+00:00,btc_mxn,1162079.98,1162080.02,3.4421037578163424e-06
2024-07-17T01:32:37+00:00,btc_mxn,1162079.98,1162080.02,3.4421037578163424e-06
2024-07-17T01:32:38+00:00,btc_mxn,1162079.98,1162080.02,3.4421037578163424e-06
2024-07-17T01:32:39+00:00,btc_mxn,1162079.98,1162080.02,3.4421037578163424e-06
2024-07-17T01:32:41+00:00,btc_mxn,1162079.98,1162080.02,3.4421037578163424e-06
2024-07-17T01:32:42+00:00,btc_mxn,1162079.98,1162080.02,3.4421037578163424e-06
2024-07-17T01:32:43+00:00,btc_mxn,1162079.98,1162080.02,3.4421037578163424e-06
2024-07-17T01:32:44+00:00,btc_mxn,1162079.98,1162080.02,3.4421037578163424e-06
2024-07-17T01:32:45+00:00,btc_mxn,1162079.98,1162080.02,3.4421037578163424e-06
2024-07-17T01:32:46+00:00,btc_mxn,1162079.98,1162080.02,3.4421037578163424e-06
2024-07-17T01:32:48+00:00,btc_mxn,1162079.98,1162080.02,3.4421037578163424e-06
2024-07-17T01:32:49+00:00,btc_mxn,1162079.98,1162080.02,3.4421037578163424e-06
2024-07-17T01:32:50+00:00,btc_mxn,1162079.98,1162080.02,3.4421037578163424e-06
2024-07-17T01:32:51+00:00,btc_mxn,1162079.98,1162080.02,3.4421037578163424e-06
2024-07-17T01:32:52+00:00,btc_mxn,1162079.98,1162080.02,3.4421037578163424e-06
2024-07-17T01:32:53+00:00,btc_mxn,1162079.98,1162080.02,3.4421037578163424e-06
2024-07-17T01:32:55+00:00,btc_mxn,1162079.98,1162080.02,3.4421037578163424e-06
2024-07-17T01:32:56+00:00,btc_mxn,1162079.98,1162080.02,3.4421037578163424e-06
2024-07-17T01:32:57+00:00,btc_mxn,1162079.98,1162080.02,3.4421037578163424e-06
2024-07-17T01:32:58+00:00,btc_mxn,1162079.98,1162080.02,3.4421037578163424e-06
2024-07-17T01:32:59+00:00,btc_mxn,1162079.98,1162080.02,3.4421037578163424e-06
2024-07-17T01:33:00+00:00,btc_mxn,1162079.98,1162080.02,3.4421037578163424e-06
2024-07-17T01:33:02+00:00,btc_mxn,1162079.98,1162080.02,3.4421037578163424e-06
2024-07-17T01:33:03+00:00,btc_mxn,1162079.98,1162080.02,3.4421037578163424e-06
2024-07-17T01:33:04+00:00,btc_mxn,1162079.98,1162080.02,3.4421037578163424e-06
2024-07-17T01:33:05+00:00,btc_mxn,1162079.98,1162080.02,3.4421037578163424e-06
2024-07-17T01:33:06+00:00,btc_mxn,1162079.98,1162080.02,3.4421037578163424e-06
2024-07-17T01:33:07+00:00,btc_mxn,1162079.98,1162080.02,3.4421037578163424e-06
2024-07-17T01:33:09+00:00,btc_mxn,1162079.98,1162080.02,3.4421037578163424e-06
2024-07-17T01:33:10+00:00,btc_mxn,1162079.98,1162080.02,3.4421037578163424e-06
2024-07-17T01:33:11+00:00,btc_mxn,1162079.98,1162080.02,3.4421037578163424e-06
2024-07-17T01:33:12+00:00,btc_mxn,1162079.98,1162080.02,3.4421037578163424e-06
2024-07-17T01:33:13+00:00,btc_mxn,1162079.98,1162080.02,3.4421037578163424e-06
2024-07-17T01:33:15+00:00,btc_mxn,1162079.98,1162080.02,3.4421037578163424e-06
2024-07-17T01:33:16+00:00,btc_mxn,1162079.98,1162080.02,3.4421037578163424e-06
2024-07-17T01:33:17+00:00,btc_mxn,1162079.98,1162080.02,3.4421037578163424e-06
2024-07-17T01:33:18+00:00,btc_mxn,1162079.98,1162080.02,3.4421037578163424e-06
2024-07-17T01:33:19+00:00,btc_mxn,1162079.98,1162080.02,3.4421037578163424e-06
2024-07-17T01:33:21+00:00,btc_mxn,1162079.98,1162080.02,3.4421037578163424e-06
2024-07-17T01:33:22+00:00,btc_mxn,1162079.98,1162080.02,3.4421037578163424e-06
2024-07-17T01:33:23+00:00,btc_mxn,1162079.98,1162080.02,3.4421037578163424e-06
2024-07-17T01:33:24+00:00,btc_mxn,1162079.98,1162080.02,3.4421037578163424e-06
2024-07-17T01:33:25+00:00,btc_mxn,1162079.98,1162080.02,3.4421037578163424e-06
2024-07-17T01:33:26+00:00,btc_mxn,1162079.98,1162080.02,3.4421037578163424e-06
2024-07-17T01:33:27+00:00,btc_mxn,1162079.98,1162080.02,3.4421037578163424e-06
2024-07-17T01:33:29+00:00,btc_mxn,1162079.98,1162080.02,3.4421037578163424e-06
2024-07-17T01:33:30+00:00,btc_mxn,1162079.98,1162080.02,3.4421037578163424e-06
2024-07-17T01:33:31+00:00,btc_mxn,1162079.98,1162080.02,3.4421037578163424e-06
2024-07-17T01:33:32+00:00,btc_mxn,1162079.98,1162080.02,3.4421037578163424e-06
2024-07-17T01:33:33+00:00,btc_mxn,1162079.98,1162080.02,3.4421037578163424e-06
2024-07-17T01:33:34+00:00,btc_mxn,1162079.98,1162080.02,3.4421037578163424e-06
2024-07-17T01:33:36+00:00,btc_mxn,1162079.98,1162080.02,3.4421037578163424e-06
2024-07-17T01:33:37+00:00,btc_mxn,1162079.98,1162080.02,3.4421037578163424e-06
2024-07-17T01:33:38+00:00,btc_mxn,1162079.98,1162080.02,3.4421037578163424e-06
2024-07-17T01:33:39+00:00,btc_mxn,1162079.98,1162080.02,3.4421037578163424e-06
2024-07-17T01:33:40+00:00,btc_mxn,1162079.98,1162080.02,3.4421037578163424e-06
2024-07-17T01:33:41+00:00,btc_mxn,1162079.98,1162080.02,3.4421037578163424e-06
2024-07-17T01:33:43+00:00,btc_mxn,1162079.98,1162080.02,3.4421037578163424e-06
2024-07-17T01:33:44+00:00,btc_mxn,1162079.98,1162080.02,3.4421037578163424e-06
2024-07-17T01:33:45+00:00,btc_mxn,1162079.98,1162080.02,3.4421037578163424e-06
2024-07-17T01:33:46+00:00,btc_mxn,1162079.98,1162080.02,3.4421037578163424e-06
2024-07-17T01:33:47+00:00,btc_mxn,1162079.98,1162080.02,3.4421037578163424e-06
2024-07-17T01:33:48+00:00,btc_mxn,1162079.98,1162080.02,3.4421037578163424e-06
2024-07-17T01:33:50+00:00,btc_mxn,1162079.98,1162080.02,3.4421037578163424e-06
2024-07-17T01:33:51+00:00,btc_mxn,1162079.98,1162080.02,3.4421037578163424e-06
2024-07-17T01:33:52+00:00,btc_mxn,1162079.98,1162080.02,3.4421037578163424e-06
2024-07-17T01:33:53+00:00,btc_mxn,1162079.98,1162080.02,3.4421037578163424e-06
2024-07-17T01:33:54+00:00,btc_mxn,1162079.98,1162080.02,3.4421037578163424e-06
2024-07-17T01:33:55+00:00,btc_mxn,1162079.98,1162080.02,3.4421037578163424e-06
2024-07-17T01:33:57+00:00,btc_mxn,1162079.98,1162080.02,3.4421037578163424e-06
2024-07-17T01:33:58+00:00,btc_mxn,1162079.98,1162080.02,3.4421037578163424e-06
2024-07-17T01:33:59+00:00,btc_mxn,1162079.98,1162080.02,3.4421037578163424e-06
2024-07-17T01:34:00+00:00,btc_mxn,1162079.98,1162080.02,3.4421037578163424e-06
2024-07-17T01:34:02+00:00,btc_mxn,1162079.98,1162080.02,3.4421037578163424e-06
2024-07-17T01:34:03+00:00,btc_mxn,1162079.98,1162080.02,3.4421037578163424e-06
2024-07-17T01:34:04+00:00,btc_mxn,1162079.98,1162080.02,3.4421037578163424e-06
2024-07-17T01:34:05+00:00,btc_mxn,1162079.98,1162080.02,3.4421037578163424e-06
2024-07-17T01:34:06+00:00,btc_mxn,1162079.98,1162080.02,3.4421037578163424e-06
2024-07-17T01:34:07+00:00,btc_mxn,1162079.98,1162080.02,3.4421037578163424e-06
2024-07-17T01:34:09+00:00,btc_mxn,1162079.98,1162080.02,3.4421037578163424e-06
2024-07-17T01:34:10+00:00,btc_mxn,1162079.98,1162080.02,3.4421037578163424e-06
2024-07-17T01:34:11+00:00,btc_mxn,1162079.98,1162080.02,3.4421037578163424e-06
2024-07-17T01:34:12+00:00,btc_mxn,1162079.98,1162080.02,3.4421037578163424e-06
2024-07-17T01:34:13+00:00,btc_mxn,1162079.98,1162080.02,3.4421037578163424e-06
2024-07-17T01:34:14+00:00,btc_mxn,1162079.98,1162080.02,3.4421037578163424e-06
2024-07-17T01:34:16+00:00,btc_mxn,1162079.98,1162080.02,3.4421037578163424e-06
2024-07-17T01:34:17+00:00,btc_mxn,1162079.98,1162080.02,3.4421037578163424e-06
2024-07-17T01:34:18+00:00,btc_mxn,1162079.98,1162080.02,3.4421037578163424e-06
2024-07-17T01:34:19+00:00,btc_mxn,1162079.98,1162080.02,3.4421037578163424e-06
2024-07-17T01:34:20+00:00,btc_mxn,1162079.98,1162080.02,3.4421037578163424e-06
2024-07-17T01:34:22+00:00,btc_mxn,1162079.98,1162080.02,3.4421037578163424e-06
2024-07-17T01:34:23+00:00,btc_mxn,1162079.98,1162080.02,3.4421037578163424e-06
2024-07-17T01:34:24+00:00,btc_mxn,1162079.98,1162080.02,3.4421037578163424e-06
2024-07-17T01:34:25+00:00,btc_mxn,1162079.98,1162080.02,3.4421037578163424e-06
2024-07-17T01:34:26+00:00,btc_mxn,1162079.98,1162080.02,3.4421037578163424e-06
2024-07-17T01:34:27+00:00,btc_mxn,1162079.98,1162080.02,3.4421037578163424e-06
2024-07-17T01:34:29+00:00,btc_mxn,1162079.98,1162080.02,3.4421037578163424e-06
2024-07-17T01:34:30+00:00,btc_mxn,1162079.98,1162080.02,3.4421037578163424e-06
2024-07-17T01:34:31+00:00,btc_mxn,1162079.98,1162080.02,3.4421037578163424e-06
2024-07-17T01:34:32+00:00,btc_mxn,1162079.98,1162080.02,3.4421037578163424e-06
2024-07-17T01:34:33+00:00,btc_mxn,1162079.98,1162080.02,3.4421037578163424e-06
2024-07-17T01:34:34+00:00,btc_mxn,1162079.98,1162080.02,3.4421037578163424e-06
2024-07-17T01:34:36+00:00,btc_mxn,1162079.98,1162080.02,3.4421037578163424e-06
2024-07-17T01:34:37+00:00,btc_mxn,1162079.98,1162080.02,3.4421037578163424e-06
2024-07-17T01:34:38+00:00,btc_mxn,1162079.98,1162080.02,3.4421037578163424e-06
2024-07-17T01:34:39+00:00,btc_mxn,1162079.98,1162080.02,3.4421037578163424e-06
2024-07-17T01:34:40+00:00,btc_mxn,1162079.98,1162080.02,3.4421037578163424e-06
2024-07-17T01:34:41+00:00,btc_mxn,1162079.98,1162080.02,3.4421037578163424e-06
2024-07-17T01:34:43+00:00,btc_mxn,1162079.98,1162080.02,3.4421037578163424e-06
2024-07-17T01:34:44+00:00,btc_mxn,1162079.98,1162080.02,3.4421037578163424e-06
2024-07-17T01:34:45+00:00,btc_mxn,1162079.98,1162080.02,3.4421037578163424e-06
2024-07-17T01:34:46+00:00,btc_mxn,1162079.98,1162080.02,3.4421037578163424e-06
2024-07-17T01:34:47+00:00,btc_mxn,1162079.98,1162080.02,3.4421037578163424e-06
2024-07-17T01:34:48+00:00,btc_mxn,1162079.98,1162080.02,3.4421037578163424e-06
2024-07-17T01:34:49+00:00,btc_mxn,1162079.98,1162080.02,3.4421037578163424e-06
2024-07-17T01:34:51+00:00,btc_mxn,1162079.98,1162080.02,3.4421037578163424e-06
2024-07-17T01:34:52+00:00,btc_mxn,1162079.98,1162080.02,3.4421037578163424e-06
2024-07-17T01:34:53+00:00,btc_mxn,1162079.98,1162080.02,3.4421037578163424e-06
2024-07-17T01:34:54+00:00,btc_mxn,1162079.98,1162080.02,3.4421037578163424e-06
2024-07-17T01:34:55+00:00,btc_mxn,1162079.98,1162080.02,3.4421037578163424e-06
2024-07-17T01:34:56+00:00,btc_mxn,1162079.98,1162080.02,3.4421037578163424e-06
2024-07-17T01:34:58+00:00,btc_mxn,1162079.98,1162080.02,3.4421037578163424e-06
2024-07-17T01:34:59+00:00,btc_mxn,1162079.98,1162080.02,3.4421037578163424e-06
2024-07-17T01:35:00+00:00,btc_mxn,1162079.98,1162080.02,3.4421037578163424e-06
2024-07-17T01:35:01+00:00,btc_mxn,1162079.98,1162080.02,3.4421037578163424e-06
2024-07-17T01:35:02+00:00,btc_mxn,1162079.98,1162080.02,3.4421037578163424e-06
2024-07-17T01:35:03+00:00,btc_mxn,1162079.98,1162080.02,3.4421037578163424e-06
2024-07-17T01:35:05+00:00,btc_mxn,1162079.98,1162080.02,3.4421037578163424e-06
2024-07-17T01:35:06+00:00,btc_mxn,1162079.98,1162080.02,3.4421037578163424e-06
2024-07-17T01:35:07+00:00,btc_mxn,1162079.98,1162080.02,3.4421037578163424e-06
2024-07-17T01:35:08+00:00,btc_mxn,1162079.98,1162080.02,3.4421037578163424e-06
2024-07-17T01:35:09+00:00,btc_mxn,1162079.98,1162080.02,3.4421037578163424e-06
2024-07-17T01:35:10+00:00,btc_mxn,1162079.98,1162080.02,3.4421037578163424e-06
2024-07-17T01:35:12+00:00,btc_mxn,1162079.98,1162080.02,3.4421037578163424e-06
2024-07-17T01:35:13+00:00,btc_mxn,1162079.98,1162080.02,3.4421037578163424e-06
2024-07-17T01:35:14+00:00,btc_mxn,1162079.98,1162080.02,3.4421037578163424e-06
2024-07-17T01:35:15+00:00,btc_mxn,1162079.98,1162080.02,3.4421037578163424e-06
2024-07-17T01:35:16+00:00,btc_mxn,1162079.98,1162080.02,3.4421037578163424e-06
2024-07-17T01:35:17+00:00,btc_mxn,1162079.98,1162080.02,3.4421037578163424e-06
2024-07-17T01:35:19+00:00,btc_mxn,1162079.98,1162080.02,3.4421037578163424e-06
2024-07-17T01:35:20+00:00,btc_mxn,1162079.98,1162080.02,3.4421037578163424e-06
2024-07-17T01:35:21+00:00,btc_mxn,1162079.98,1162080.02,3.4421037578163424e-06
2024-07-17T01:35:22+00:00,btc_mxn,1162079.98,1162080.02,3.4421037578163424e-06
2024-07-17T01:35:23+00:00,btc_mxn,1162079.98,1162080.02,3.4421037578163424e-06
2024-07-17T01:35:24+00:00,btc_mxn,1162079.98,1162080.02,3.4421037578163424e-06
2024-07-17T01:35:25+00:00,btc_mxn,1162079.98,1162080.02,3.4421037578163424e-06
2024-07-17T01:35:27+00:00,btc_mxn,1162079.98,1162080.02,3.4421037578163424e-06
2024-07-17T01:35:28+00:00,btc_mxn,1162079.98,1162080.02,3.4421037578163424e-06
2024-07-17T01:35:29+00:00,btc_mxn,1162079.98,1162080.02,3.4421037578163424e-06
2024-07-17T01:35:30+00:00,btc_mxn,1162079.98,1162080.02,3.4421037578163424e-06
2024-07-17T01:35:31+00:00,btc_mxn,1162079.98,1162080.02,3.4421037578163424e-06
2024-07-17T01:35:32+00:00,btc_mxn,1162079.98,1162080.02,3.4421037578163424e-06
2024-07-17T01:35:34+00:00,btc_mxn,1162079.98,1162080.02,3.4421037578163424e-06
2024-07-17T01:35:35+00:00,btc_mxn,1162079.98,1162080.02,3.4421037578163424e-06
2024-07-17T01:35:36+00:00,btc_mxn,1162079.98,1162080.02,3.4421037578163424e-06
2024-07-17T01:35:37+00:00,btc_mxn,1162079.98,1162080.02,3.4421037578163424e-06
2024-07-17T01:35:38+00:00,btc_mxn,1162079.98,1162080.02,3.4421037578163424e-06
2024-07-17T01:35:39+00:00,btc_mxn,1162079.98,1162080.02,3.4421037578163424e-06
2024-07-17T01:35:41+00:00,btc_mxn,1162079.98,1162080.02,3.4421037578163424e-06
2024-07-17T01:35:42+00:00,btc_mxn,1162079.98,1162080.02,3.4421037578163424e-06
2024-07-17T01:35:43+00:00,btc_mxn,1162079.98,1162080.02,3.4421037578163424e-06
2024-07-17T01:35:44+00:00,btc_mxn,1162079.98,1162080.02,3.4421037578163424e-06
2024-07-17T01:35:45+00:00,btc_mxn,1162079.98,1162080.02,3.4421037578163424e-06
2024-07-17T01:35:47+00:00,btc_mxn,1162079.98,1162080.02,3.4421037578163424e-06
2024-07-17T01:35:48+00:00,btc_mxn,1162079.98,1162080.02,3.4421037578163424e-06
2024-07-17T01:35:49+00:00,btc_mxn,1162079.98,1162080.02,3.4421037578163424e-06
2024-07-17T01:35:50+00:00,btc_mxn,1162079.98,1162080.02,3.4421037578163424e-06
2024-07-17T01:35:51+00:00,btc_mxn,1162079.98,1162080.02,3.4421037578163424e-06
2024-07-17T01:35:52+00:00,btc_mxn,1162079.98,1162080.02,3.4421037578163424e-06
2024-07-17T01:35:54+00:00,btc_mxn,1162079.98,1162080.02,3.4421037578163424e-06
2024-07-17T01:35:55+00:00,btc_mxn,1162079.98,1162080.02,3.4421037578163424e-06
2024-07-17T01:35:56+00:00,btc_mxn,1162079.98,1162080.02,3.4421037578163424e-06
2024-07-17T01:35:57+00:00,btc_mxn,1162079.98,1162080.02,3.4421037578163424e-06
2024-07-17T01:35:58+00:00,btc_mxn,1162079.98,1162080.02,3.4421037578163424e-06
2024-07-17T01:35:59+00:00,btc_mxn,1162079.98,1162080.02,3.4421037578163424e-06
2024-07-17T01:36:01+00:00,btc_mxn,1162079.98,1162080.02,3.4421037578163424e-06
2024-07-17T01:36:02+00:00,btc_mxn,1162079.98,1162080.02,3.4421037578163424e-06
2024-07-17T01:36:03+00:00,btc_mxn,1162079.98,1162080.02,3.4421037578163424e-06
2024-07-17T01:36:04+00:00,btc_mxn,1162079.98,1162080.02,3.4421037578163424e-06
2024-07-17T01:36:05+00:00,btc_mxn,1162079.98,1162080.02,3.4421037578163424e-06
2024-07-17T01:36:06+00:00,btc_mxn,1162079.98,1162080.02,3.4421037578163424e-06
2024-07-17T01:36:07+00:00,btc_mxn,1162079.98,1162080.02,3.4421037578163424e-06
2024-07-17T01:36:09+00:00,btc_mxn,1162079.98,1162080.02,3.4421037578163424e-06
2024-07-17T01:36:10+00:00,btc_mxn,1162079.98,1162080.02,3.4421037578163424e-06
2024-07-17T01:36:11+00:00,btc_mxn,1162079.98,1162080.02,3.4421037578163424e-06
2024-07-17T01:36:12+00:00,btc_mxn,1162079.98,1162080.02,3.4421037578163424e-06
2024-07-17T01:36:13+00:00,btc_mxn,1162079.98,1162080.02,3.4421037578163424e-06
2024-07-17T01:36:15+00:00,btc_mxn,1162079.98,1162080.02,3.4421037578163424e-06
2024-07-17T01:36:16+00:00,btc_mxn,1162079.98,1162080.02,3.4421037578163424e-06
2024-07-17T01:36:17+00:00,btc_mxn,1162079.98,1162080.02,3.4421037578163424e-06
2024-07-17T01:36:18+00:00,btc_mxn,1162079.98,1162080.02,3.4421037578163424e-06
2024-07-17T01:36:19+00:00,btc_mxn,1162079.98,1162080.02,3.4421037578163424e-06
2024-07-17T01:36:20+00:00,btc_mxn,1162079.98,1162080.02,3.4421037578163424e-06
2024-07-17T01:36:21+00:00,btc_mxn,1162079.98,1162080.02,3.4421037578163424e-06
2024-07-17T01:36:23+00:00,btc_mxn,1162079.98,1162080.02,3.4421037578163424e-06
2024-07-17T01:36:24+00:00,btc_mxn,1162079.98,1162080.02,3.4421037578163424e-06
2024-07-17T01:36:25+00:00,btc_mxn,1162079.98,1162080.02,3.4421037578163424e-06
2024-07-17T01:36:26+00:00,btc_mxn,1162079.98,1162080.02,3.4421037578163424e-06
2024-07-17T01:36:28+00:00,btc_mxn,1162079.98,1162080.02,3.4421037578163424e-06
2024-07-17T01:36:29+00:00,btc_mxn,1162079.98,1162080.02,3.4421037578163424e-06
2024-07-17T01:36:30+00:00,btc_mxn,1162079.98,1162080.02,3.4421037578163424e-06
2024-07-17T01:36:31+00:00,btc_mxn,1162079.98,1162080.02,3.4421037578163424e-06
2024-07-17T01:36:32+00:00,btc_mxn,1162079.98,1162080.02,3.4421037578163424e-06
2024-07-17T01:36:33+00:00,btc_mxn,1162079.98,1162080.02,3.4421037578163424e-06
2024-07-17T01:36:35+00:00,btc_mxn,1162079.98,1162080.02,3.4421037578163424e-06
2024-07-17T01:36:36+00:00,btc_mxn,1162079.98,1162080.02,3.4421037578163424e-06
2024-07-17T01:36:37+00:00,btc_mxn,1162079.98,1162080.02,3.4421037578163424e-06
2024-07-17T01:36:38+00:00,btc_mxn,1162079.98,1162080.02,3.4421037578163424e-06
2024-07-17T01:36:39+00:00,btc_mxn,1162079.98,1162080.02,3.4421037578163424e-06
2024-07-17T01:36:40+00:00,btc_mxn,1162079.98,1162080.02,3.4421037578163424e-06
2024-07-17T01:36:42+00:00,btc_mxn,1162079.98,1162080.02,3.4421037578163424e-06
2024-07-17T01:36:43+00:00,btc_mxn,1162079.98,1162080.02,3.4421037578163424e-06
2024-07-17T01:36:44+00:00,btc_mxn,1162079.98,1162080.02,3.4421037578163424e-06
2024-07-17T01:36:45+00:00,btc_mxn,1162079.98,1162080.02,3.4421037578163424e-06
2024-07-17T01:36:46+00:00,btc_mxn,1162079.98,1162080.02,3.4421037578163424e-06
2024-07-17T01:36:47+00:00,btc_mxn,1162079.98,1162080.02,3.4421037578163424e-06
2024-07-17T01:36:49+00:00,btc_mxn,1162079.98,1162080.02,3.4421037578163424e-06
2024-07-17T01:36:50+00:00,btc_mxn,1162079.98,1162080.02,3.4421037578163424e-06
2024-07-17T01:36:51+00:00,btc_mxn,1162079.98,1162080.02,3.4421037578163424e-06
2024-07-17T01:36:52+00:00,btc_mxn,1162079.98,1162080.02,3.4421037578163424e-06
2024-07-17T01:36:53+00:00,btc_mxn,1162079.98,1162080.02,3.4421037578163424e-06
2024-07-17T01:36:54+00:00,btc_mxn,1162079.98,1162080.02,3.4421037578163424e-06
2024-07-17T01:36:56+00:00,btc_mxn,1162079.98,1162080.02,3.4421037578163424e-06
2024-07-17T01:36:57+00:00,btc_mxn,1162079.98,1162080.02,3.4421037578163424e-06
2024-07-17T01:36:58+00:00,btc_mxn,1162079.98,1162080.02,3.4421037578163424e-06
2024-07-17T01:36:59+00:00,btc_mxn,1162079.98,1162080.02,3.4421037578163424e-06
2024-07-17T01:37:00+00:00,btc_mxn,1162079.98,1162080.02,3.4421037578163424e-06
2024-07-17T01:37:01+00:00,btc_mxn,1162079.98,1162080.02,3.4421037578163424e-06
2024-07-17T01:37:03+00:00,btc_mxn,1162079.98,1162080.02,3.4421037578163424e-06
2024-07-17T01:37:04+00:00,btc_mxn,1162079.98,1162080.02,3.4421037578163424e-06
2024-07-17T01:37:05+00:00,btc_mxn,1162079.98,1162080.02,3.4421037578163424e-06
2024-07-17T01:37:06+00:00,btc_mxn,1162079.98,1162080.02,3.4421037578163424e-06
2024-07-17T01:37:07+00:00,btc_mxn,1162079.98,1162080.02,3.4421037578163424e-06
2024-07-17T01:37:08+00:00,btc_mxn,1161439.98,1161440.02,3.4440004949418658e-06
2024-07-17T01:37:10+00:00,btc_mxn,1161439.98,1161440.02,3.4440004949418658e-06
2024-07-17T01:37:11+00:00,btc_mxn,1161439.98,1161440.02,3.4440004949418658e-06
2024-07-17T01:37:12+00:00,btc_mxn,1161439.98,1161440.02,3.4440004949418658e-06
2024-07-17T01:37:13+00:00,btc_mxn,1161439.98,1161440.02,3.4440004949418658e-06
2024-07-17T01:37:14+00:00,btc_mxn,1161439.98,1161440.02,3.4440004949418658e-06
2024-07-17T01:37:15+00:00,btc_mxn,1161439.98,1161440.02,3.4440004949418658e-06
2024-07-17T01:37:17+00:00,btc_mxn,1161439.98,1161440.02,3.4440004949418658e-06
2024-07-17T01:37:18+00:00,btc_mxn,1161439.98,1161440.02,3.4440004949418658e-06
2024-07-17T01:37:19+00:00,btc_mxn,1161439.98,1161440.02,3.4440004949418658e-06
2024-07-17T01:37:20+00:00,btc_mxn,1161439.98,1161440.02,3.4440004949418658e-06
2024-07-17T01:37:22+00:00,btc_mxn,1161439.98,1161440.02,3.4440004949418658e-06
2024-07-17T01:37:23+00:00,btc_mxn,1161439.98,1161440.02,3.4440004949418658e-06
2024-07-17T01:37:24+00:00,btc_mxn,1161439.98,1161440.02,3.4440004949418658e-06
2024-07-17T01:37:25+00:00,btc_mxn,1161439.98,1161440.02,3.4440004949418658e-06
2024-07-17T01:37:26+00:00,btc_mxn,1161439.98,1161440.02,3.4440004949418658e-06
2024-07-17T01:37:27+00:00,btc_mxn,1161439.98,1161440.02,3.4440004949418658e-06
2024-07-17T01:37:29+00:00,btc_mxn,1161439.98,1161440.02,3.4440004949418658e-06
2024-07-17T01:37:30+00:00,btc_mxn,1161439.98,1161440.02,3.4440004949418658e-06
2024-07-17T01:37:31+00:00,btc_mxn,1161439.98,1161440.02,3.4440004949418658e-06
2024-07-17T01:37:32+00:00,btc_mxn,1161439.98,1161440.02,3.4440004949418658e-06
2024-07-17T01:37:33+00:00,btc_mxn,1161439.98,1161440.02,3.4440004949418658e-06
2024-07-17T01:37:34+00:00,btc_mxn,1161439.98,1161440.02,3.4440004949418658e-06
2024-07-17T01:37:35+00:00,btc_mxn,1161439.98,1161440.02,3.4440004949418658e-06
2024-07-17T01:37:37+00:00,btc_mxn,1161439.98,1161440.02,3.4440004949418658e-06
2024-07-17T01:37:38+00:00,btc_mxn,1161439.98,1161440.02,3.4440004949418658e-06
2024-07-17T01:37:39+00:00,btc_mxn,1161439.98,1161440.02,3.4440004949418658e-06
2024-07-17T01:37:40+00:00,btc_mxn,1161439.98,1161440.02,3.4440004949418658e-06
2024-07-17T01:37:41+00:00,btc_mxn,1161439.98,1161440.02,3.4440004949418658e-06
2024-07-17T01:37:43+00:00,btc_mxn,1161439.98,1161440.02,3.4440004949418658e-06
2024-07-17T01:37:44+00:00,btc_mxn,1161439.98,1161440.02,3.4440004949418658e-06
2024-07-17T01:37:45+00:00,btc_mxn,1161439.98,1161440.02,3.4440004949418658e-06
2024-07-17T01:37:46+00:00,btc_mxn,1161439.98,1161440.02,3.4440004949418658e-06
2024-07-17T01:37:47+00:00,btc_mxn,1161439.98,1161440.02,3.4440004949418658e-06
2024-07-17T01:37:49+00:00,btc_mxn,1161439.98,1161440.02,3.4440004949418658e-06
2024-07-17T01:37:50+00:00,btc_mxn,1161439.98,1161440.02,3.4440004949418658e-06
2024-07-17T01:37:51+00:00,btc_mxn,1161439.98,1161440.02,3.4440004949418658e-06
2024-07-17T01:37:52+00:00,btc_mxn,1161439.98,1161440.02,3.4440004949418658e-06
2024-07-17T01:37:53+00:00,btc_mxn,1161439.98,1161440.02,3.4440004949418658e-06
2024-07-17T01:37:54+00:00,btc_mxn,1161439.98,1161440.02,3.4440004949418658e-06
2024-07-17T01:37:56+00:00,btc_mxn,1161439.98,1161440.02,3.4440004949418658e-06
2024-07-17T01:37:57+00:00,btc_mxn,1161439.98,1161440.02,3.4440004949418658e-06
2024-07-17T01:37:58+00:00,btc_mxn,1161439.98,1161440.02,3.4440004949418658e-06
2024-07-17T01:37:59+00:00,btc_mxn,1161439.98,1161440.02,3.4440004949418658e-06
2024-07-17T01:38:00+00:00,btc_mxn,1161439.98,1161440.02,3.4440004949418658e-06
2024-07-17T01:38:01+00:00,btc_mxn,1161439.98,1161440.02,3.4440004949418658e-06
2024-07-17T01:38:02+00:00,btc_mxn,1161439.98,1161440.02,3.4440004949418658e-06
2024-07-17T01:38:04+00:00,btc_mxn,1161439.98,1161440.02,3.4440004949418658e-06
2024-07-17T01:38:05+00:00,btc_mxn,1161439.98,1161440.02,3.4440004949418658e-06
2024-07-17T01:38:06+00:00,btc_mxn,1161439.98,1161440.02,3.4440004949418658e-06
2024-07-17T01:38:07+00:00,btc_mxn,1161439.98,1161440.02,3.4440004949418658e-06
2024-07-17T01:38:08+00:00,btc_mxn,1161439.98,1161440.02,3.4440004949418658e-06
2024-07-17T01:38:09+00:00,btc_mxn,1161439.98,1161440.02,3.4440004949418658e-06
2024-07-17T01:38:11+00:00,btc_mxn,1161439.98,1161440.02,3.4440004949418658e-06
2024-07-17T01:38:12+00:00,btc_mxn,1161439.98,1161440.02,3.4440004949418658e-06
2024-07-17T01:38:13+00:00,btc_mxn,1161439.98,1161440.02,3.4440004949418658e-06
2024-07-17T01:38:14+00:00,btc_mxn,1161439.98,1161440.02,3.4440004949418658e-06
2024-07-17T01:38:15+00:00,btc_mxn,1161439.98,1161440.02,3.4440004949418658e-06
2024-07-17T01:38:16+00:00,btc_mxn,1161439.98,1161440.02,3.4440004949418658e-06
2024-07-17T01:27:15+00:00,btc_mxn,1161870.0,1161870.02,1.7213629471760061e-06
2024-07-17T01:38:18+00:00,btc_mxn,1161439.98,1161440.02,3.4440004949418658e-06
2024-07-17T01:27:16+00:00,btc_mxn,1161870.0,1161870.02,1.7213629471760061e-06
2024-07-17T01:38:19+00:00,btc_mxn,1161439.98,1161440.02,3.4440004949418658e-06
2024-07-17T01:27:17+00:00,btc_mxn,1161869.98,1161870.02,3.4427258943520123e-06
2024-07-17T01:38:20+00:00,btc_mxn,1161439.98,1161440.02,3.4440004949418658e-06
2024-07-17T01:27:19+00:00,btc_mxn,1161869.98,1161870.02,3.4427258943520123e-06
2024-07-17T01:38:21+00:00,btc_mxn,1161439.98,1161440.02,3.4440004949418658e-06
2024-07-17T01:27:20+00:00,btc_mxn,1161869.98,1161870.02,3.4427258943520123e-06
2024-07-17T01:38:22+00:00,btc_mxn,1161439.98,1161440.02,3.4440004949418658e-06
2024-07-17T01:27:21+00:00,btc_mxn,1161869.98,1161870.02,3.4427258943520123e-06
2024-07-17T01:38:23+00:00,btc_mxn,1161439.98,1161440.02,3.4440004949418658e-06
2024-07-17T01:27:22+00:00,btc_mxn,1161869.98,1161870.02,3.4427258943520123e-06
2024-07-17T01:38:25+00:00,btc_mxn,1161439.98,1161440.02,3.4440004949418658e-06
2024-07-17T01:27:24+00:00,btc_mxn,1161869.98,1161870.02,3.4427258943520123e-06
2024-07-17T01:38:26+00:00,btc_mxn,1161439.98,1161440.02,3.4440004949418658e-06
2024-07-17T01:27:25+00:00,btc_mxn,1161869.98,1161870.02,3.4427258943520123e-06
2024-07-17T01:38:27+00:00,btc_mxn,1161439.98,1161440.02,3.4440004949418658e-06
2024-07-17T01:27:26+00:00,btc_mxn,1161869.98,1161870.02,3.4427258943520123e-06
2024-07-17T01:38:28+00:00,btc_mxn,1161439.98,1161440.02,3.4440004949418658e-06
2024-07-17T01:27:27+00:00,btc_mxn,1161869.98,1161870.02,3.4427258943520123e-06
2024-07-17T01:38:29+00:00,btc_mxn,1161439.98,1161440.02,3.4440004949418658e-06
2024-07-17T01:27:28+00:00,btc_mxn,1161869.98,1161870.02,3.4427258943520123e-06
2024-07-17T01:38:30+00:00,btc_mxn,1161439.98,1161440.02,3.4440004949418658e-06
2024-07-17T01:27:29+00:00,btc_mxn,1161869.98,1161870.02,3.4427258943520123e-06
2024-07-17T01:38:31+00:00,btc_mxn,1161439.98,1161440.02,3.4440004949418658e-06
2024-07-17T01:27:30+00:00,btc_mxn,1161869.98,1161870.02,3.4427258943520123e-06
2024-07-17T01:38:33+00:00,btc_mxn,1161439.98,1161440.02,3.4440004949418658e-06
2024-07-17T01:27:32+00:00,btc_mxn,1161869.98,1161870.02,3.4427258943520123e-06
2024-07-17T01:38:34+00:00,btc_mxn,1161439.98,1161440.02,3.4440004949418658e-06
2024-07-17T01:27:33+00:00,btc_mxn,1161869.98,1161870.02,3.4427258943520123e-06
2024-07-17T01:38:35+00:00,btc_mxn,1161439.98,1161440.02,3.4440004949418658e-06
2024-07-17T01:27:34+00:00,btc_mxn,1161869.98,1161870.02,3.4427258943520123e-06
2024-07-17T01:38:36+00:00,btc_mxn,1161439.98,1161440.02,3.4440004949418658e-06
2024-07-17T01:27:35+00:00,btc_mxn,1161869.98,1161870.02,3.4427258943520123e-06
2024-07-17T01:38:37+00:00,btc_mxn,1161439.98,1161440.02,3.4440004949418658e-06
2024-07-17T01:27:36+00:00,btc_mxn,1161869.98,1161870.02,3.4427258943520123e-06
2024-07-17T01:38:38+00:00,btc_mxn,1161439.98,1161440.02,3.4440004949418658e-06
2024-07-17T01:27:37+00:00,btc_mxn,1161869.98,1161870.02,3.4427258943520123e-06
2024-07-17T01:38:39+00:00,btc_mxn,1161439.98,1161440.02,3.4440004949418658e-06
2024-07-17T01:27:39+00:00,btc_mxn,1161869.98,1161870.02,3.4427258943520123e-06
2024-07-17T01:38:41+00:00,btc_mxn,1161439.98,1161440.02,3.4440004949418658e-06
2024-07-17T01:27:40+00:00,btc_mxn,1161869.98,1161870.02,3.4427258943520123e-06
2024-07-17T01:38:42+00:00,btc_mxn,1161439.98,1161440.02,3.4440004949418658e-06
2024-07-17T01:27:41+00:00,btc_mxn,1161869.98,1161870.02,3.4427258943520123e-06
2024-07-17T01:38:43+00:00,btc_mxn,1161439.98,1161440.02,3.4440004949418658e-06
2024-07-17T01:27:42+00:00,btc_mxn,1161869.98,1161870.02,3.4427258943520123e-06
2024-07-17T01:38:44+00:00,btc_mxn,1161439.98,1161440.02,3.4440004949418658e-06
2024-07-17T01:27:43+00:00,btc_mxn,1161869.98,1161870.02,3.4427258943520123e-06
2024-07-17T01:38:45+00:00,btc_mxn,1161439.98,1161440.02,3.4440004949418658e-06
2024-07-17T01:27:44+00:00,btc_mxn,1161869.98,1161870.02,3.4427258943520123e-06
2024-07-17T01:38:46+00:00,btc_mxn,1161439.98,1161440.02,3.4440004949418658e-06
2024-07-17T01:27:45+00:00,btc_mxn,1161869.98,1161870.02,3.4427258943520123e-06
2024-07-17T01:38:48+00:00,btc_mxn,1161439.98,1161440.02,3.4440004949418658e-06
2024-07-17T01:27:47+00:00,btc_mxn,1161869.98,1161870.02,3.4427258943520123e-06
2024-07-17T01:38:49+00:00,btc_mxn,1161439.98,1161440.02,3.4440004949418658e-06
2024-07-17T01:27:48+00:00,btc_mxn,1161869.98,1161870.02,3.4427258943520123e-06
2024-07-17T01:38:50+00:00,btc_mxn,1161439.98,1161440.02,3.4440004949418658e-06
2024-07-17T01:27:49+00:00,btc_mxn,1161869.98,1161870.02,3.4427258943520123e-06
2024-07-17T01:38:51+00:00,btc_mxn,1161439.98,1161440.02,3.4440004949418658e-06
2024-07-17T01:27:50+00:00,btc_mxn,1161869.98,1161870.02,3.4427258943520123e-06
2024-07-17T01:38:52+00:00,btc_mxn,1161439.98,1161440.02,3.4440004949418658e-06
2024-07-17T01:27:51+00:00,btc_mxn,1161869.98,1161870.02,3.4427258943520123e-06
2024-07-17T01:38:53+00:00,btc_mxn,1161439.98,1161440.02,3.4440004949418658e-06
2024-07-17T01:27:52+00:00,btc_mxn,1161869.98,1161870.02,3.4427258943520123e-06
2024-07-17T01:27:53+00:00,btc_mxn,1161869.98,1161870.02,3.4427258943520123e-06
2024-07-17T01:27:55+00:00,btc_mxn,1161869.98,1161870.02,3.4427258943520123e-06
2024-07-17T01:27:56+00:00,btc_mxn,1161869.98,1161870.02,3.4427258943520123e-06
2024-07-17T01:27:57+00:00,btc_mxn,1161869.98,1161870.02,3.4427258943520123e-06
2024-07-17T01:27:58+00:00,btc_mxn,1161869.98,1161870.02,3.4427258943520123e-06
2024-07-17T01:27:59+00:00,btc_mxn,1161869.98,1161870.02,3.4427258943520123e-06
2024-07-17T01:28:00+00:00,btc_mxn,1161869.98,1161870.02,3.4427258943520123e-06
2024-07-17T01:28:02+00:00,btc_mxn,1161869.98,1161870.02,3.4427258943520123e-06
2024-07-17T01:28:03+00:00,btc_mxn,1161869.98,1161870.02,3.4427258943520123e-06
2024-07-17T01:28:04+00:00,btc_mxn,1161869.98,1161870.02,3.4427258943520123e-06
2024-07-17T01:28:05+00:00,btc_mxn,1161869.98,1161870.02,3.4427258943520123e-06
2024-07-17T01:28:06+00:00,btc_mxn,1161869.98,1161870.02,3.4427258943520123e-06
2024-07-17T01:28:07+00:00,btc_mxn,1161869.98,1161870.02,3.4427258943520123e-06
2024-07-17T01:28:09+00:00,btc_mxn,1161869.98,1161870.02,3.4427258943520123e-06
2024-07-17T01:28:10+00:00,btc_mxn,1161869.98,1161870.02,3.4427258943520123e-06
2024-07-17T01:28:11+00:00,btc_mxn,1161869.98,1161870.02,3.4427258943520123e-06
2024-07-17T01:28:12+00:00,btc_mxn,1161869.98,1161870.02,3.4427258943520123e-06
2024-07-17T01:28:13+00:00,btc_mxn,1161869.98,1161870.02,3.4427258943520123e-06
2024-07-17T01:28:14+00:00,btc_mxn,1161869.98,1161870.02,3.4427258943520123e-06
2024-07-17T01:28:15+00:00,btc_mxn,1161869.98,1161870.02,3.4427258943520123e-06
2024-07-17T01:28:17+00:00,btc_mxn,1161869.98,1161870.02,3.4427258943520123e-06
2024-07-17T01:28:18+00:00,btc_mxn,1161869.98,1161870.02,3.4427258943520123e-06
2024-07-17T01:28:19+00:00,btc_mxn,1161869.98,1161870.02,3.4427258943520123e-06
2024-07-17T01:28:20+00:00,btc_mxn,1161869.98,1161870.02,3.4427258943520123e-06
2024-07-17T01:28:21+00:00,btc_mxn,1161869.98,1161870.02,3.4427258943520123e-06
2024-07-17T01:28:22+00:00,btc_mxn,1161869.98,1161870.02,3.4427258943520123e-06
2024-07-17T01:28:23+00:00,btc_mxn,1161869.98,1161870.02,3.4427258943520123e-06
2024-07-17T01:28:25+00:00,btc_mxn,1161869.98,1161870.02,3.4427258943520123e-06
2024-07-17T01:28:26+00:00,btc_mxn,1161869.98,1161870.02,3.4427258943520123e-06
2024-07-17T01:28:27+00:00,btc_mxn,1161869.98,1161870.02,3.4427258943520123e-06
2024-07-17T01:28:28+00:00,btc_mxn,1161869.98,1161870.02,3.4427258943520123e-06
2024-07-17T01:28:29+00:00,btc_mxn,1161869.98,1161870.02,3.4427258943520123e-06
2024-07-17T01:28:30+00:00,btc_mxn,1161869.98,1161870.02,3.4427258943520123e-06
2024-07-17T01:28:32+00:00,btc_mxn,1161869.98,1161870.02,3.4427258943520123e-06
2024-07-17T01:28:33+00:00,btc_mxn,1161869.98,1161870.02,3.4427258943520123e-06
2024-07-17T01:28:34+00:00,btc_mxn,1161869.98,1161870.02,3.4427258943520123e-06
2024-07-17T01:28:35+00:00,btc_mxn,1161869.98,1161870.02,3.4427258943520123e-06
2024-07-17T01:28:36+00:00,btc_mxn,1161869.98,1161870.02,3.4427258943520123e-06
2024-07-17T01:28:37+00:00,btc_mxn,1161869.98,1161870.02,3.4427258943520123e-06
2024-07-17T01:28:39+00:00,btc_mxn,1161869.98,1161870.02,3.4427258943520123e-06
2024-07-17T01:28:40+00:00,btc_mxn,1161869.98,1161870.02,3.4427258943520123e-06
2024-07-17T01:28:41+00:00,btc_mxn,1161869.98,1161870.02,3.4427258943520123e-06
2024-07-17T01:28:42+00:00,btc_mxn,1161869.98,1161870.02,3.4427258943520123e-06
2024-07-17T01:28:43+00:00,btc_mxn,1161869.98,1161870.02,3.4427258943520123e-06
2024-07-17T01:28:44+00:00,btc_mxn,1161869.98,1161870.02,3.4427258943520123e-06
2024-07-17T01:28:45+00:00,btc_mxn,1161869.98,1161870.02,3.4427258943520123e-06
2024-07-17T01:28:47+00:00,btc_mxn,1161869.98,1161870.02,3.4427258943520123e-06
2024-07-17T01:28:48+00:00,btc_mxn,1161869.98,1161870.02,3.4427258943520123e-06
2024-07-17T01:28:49+00:00,btc_mxn,1161869.98,1161870.02,3.4427258943520123e-06
2024-07-17T01:28:50+00:00,btc_mxn,1161869.98,1161870.02,3.4427258943520123e-06
2024-07-17T01:28:51+00:00,btc_mxn,1161869.98,1161870.02,3.4427258943520123e-06
2024-07-17T01:28:52+00:00,btc_mxn,1161869.98,1161870.02,3.4427258943520123e-06
2024-07-17T01:28:54+00:00,btc_mxn,1161869.98,1161870.02,3.4427258943520123e-06
2024-07-17T01:28:55+00:00,btc_mxn,1161869.98,1161870.02,3.4427258943520123e-06
2024-07-17T01:28:56+00:00,btc_mxn,1161869.98,1161870.02,3.4427258943520123e-06
2024-07-17T01:28:57+00:00,btc_mxn,1161869.98,1161870.02,3.4427258943520123e-06
2024-07-17T01:28:58+00:00,btc_mxn,1161869.98,1161870.02,3.4427258943520123e-06
2024-07-17T01:28:59+00:00,btc_mxn,1161869.98,1161870.02,3.4427258943520123e-06
2024-07-17T01:29:01+00:00,btc_mxn,1161869.98,1161870.02,3.4427258943520123e-06
2024-07-17T01:29:02+00:00,btc_mxn,1161869.98,1161870.02,3.4427258943520123e-06
2024-07-17T01:29:03+00:00,btc_mxn,1161869.98,1161870.02,3.4427258943520123e-06
2024-07-17T01:29:04+00:00,btc_mxn,1161869.98,1161870.02,3.4427258943520123e-06
2024-07-17T01:29:05+00:00,btc_mxn,1161869.98,1161870.02,3.4427258943520123e-06
2024-07-17T01:29:06+00:00,btc_mxn,1161869.98,1161870.02,3.4427258943520123e-06
2024-07-17T01:29:08+00:00,btc_mxn,1161869.98,1161870.02,3.4427258943520123e-06
2024-07-17T01:29:09+00:00,btc_mxn,1161869.98,1161870.02,3.4427258943520123e-06
2024-07-17T01:29:10+00:00,btc_mxn,1161869.98,1161870.02,3.4427258943520123e-06
2024-07-17T01:29:11+00:00,btc_mxn,1161869.98,1161870.02,3.4427258943520123e-06
2024-07-17T01:29:12+00:00,btc_mxn,1161869.98,1161870.02,3.4427258943520123e-06
2024-07-17T01:29:13+00:00,btc_mxn,1161869.98,1161870.02,3.4427258943520123e-06
2024-07-17T01:29:15+00:00,btc_mxn,1161869.98,1161870.02,3.4427258943520123e-06
2024-07-17T01:29:16+00:00,btc_mxn,1161869.98,1161870.02,3.4427258943520123e-06
2024-07-17T01:29:17+00:00,btc_mxn,1161869.98,1161870.02,3.4427258943520123e-06
2024-07-17T01:29:18+00:00,btc_mxn,1161869.98,1161870.02,3.4427258943520123e-06
2024-07-17T01:29:19+00:00,btc_mxn,1161869.98,1161870.02,3.4427258943520123e-06
2024-07-17T01:29:20+00:00,btc_mxn,1161869.98,1161870.02,3.4427258943520123e-06
2024-07-17T01:29:22+00:00,btc_mxn,1161869.98,1161870.02,3.4427258943520123e-06
2024-07-17T01:29:23+00:00,btc_mxn,1161869.98,1161870.02,3.4427258943520123e-06
2024-07-17T01:29:24+00:00,btc_mxn,1161869.98,1161870.02,3.4427258943520123e-06
2024-07-17T01:29:25+00:00,btc_mxn,1161869.98,1161870.02,3.4427258943520123e-06
2024-07-17T01:29:26+00:00,btc_mxn,1161869.98,1161870.02,3.4427258943520123e-06
2024-07-17T01:29:27+00:00,btc_mxn,1161869.98,1161870.02,3.4427258943520123e-06
2024-07-17T01:29:29+00:00,btc_mxn,1161869.98,1161870.02,3.4427258943520123e-06
2024-07-17T01:29:30+00:00,btc_mxn,1161869.98,1161870.02,3.4427258943520123e-06
2024-07-17T01:29:31+00:00,btc_mxn,1161869.98,1161870.02,3.4427258943520123e-06
2024-07-17T01:29:32+00:00,btc_mxn,1161869.98,1161870.02,3.4427258943520123e-06
2024-07-17T01:29:33+00:00,btc_mxn,1161869.98,1161870.02,3.4427258943520123e-06
2024-07-17T01:29:34+00:00,btc_mxn,1161869.98,1161870.02,3.4427258943520123e-06
2024-07-17T01:29:35+00:00,btc_mxn,1161869.98,1161870.02,3.4427258943520123e-06
2024-07-17T01:29:37+00:00,btc_mxn,1161869.98,1161870.02,3.4427258943520123e-06
2024-07-17T01:29:38+00:00,btc_mxn,1161869.98,1161870.02,3.4427258943520123e-06
2024-07-17T01:29:39+00:00,btc_mxn,1161869.98,1161870.02,3.4427258943520123e-06
2024-07-17T01:29:40+00:00,btc_mxn,1161869.98,1161870.02,3.4427258943520123e-06
2024-07-17T01:29:41+00:00,btc_mxn,1161869.98,1161870.02,3.4427258943520123e-06
2024-07-17T01:29:42+00:00,btc_mxn,1161869.98,1161870.02,3.4427258943520123e-06
2024-07-17T01:29:44+00:00,btc_mxn,1161869.98,1161870.02,3.4427258943520123e-06
2024-07-17T01:29:45+00:00,btc_mxn,1161869.98,1161870.02,3.4427258943520123e-06
2024-07-17T01:29:46+00:00,btc_mxn,1161869.98,1161870.02,3.4427258943520123e-06
2024-07-17T01:29:47+00:00,btc_mxn,1161869.98,1161870.02,3.4427258943520123e-06
2024-07-17T01:29:48+00:00,btc_mxn,1161869.98,1161870.02,3.4427258943520123e-06
2024-07-17T01:29:49+00:00,btc_mxn,1161869.98,1161870.02,3.4427258943520123e-06
2024-07-17T01:29:50+00:00,btc_mxn,1161869.98,1161870.02,3.4427258943520123e-06
2024-07-17T01:29:52+00:00,btc_mxn,1161869.98,1161870.02,3.4427258943520123e-06
2024-07-17T01:29:53+00:00,btc_mxn,1161869.98,1161870.02,3.4427258943520123e-06
2024-07-17T01:29:54+00:00,btc_mxn,1161869.98,1161870.02,3.4427258943520123e-06
2024-07-17T01:29:55+00:00,btc_mxn,1161869.98,1161870.02,3.4427258943520123e-06
2024-07-17T01:29:56+00:00,btc_mxn,1161869.98,1161870.02,3.4427258943520123e-06
2024-07-17T01:29:57+00:00,btc_mxn,1161869.98,1161870.02,3.4427258943520123e-06
2024-07-17T01:29:59+00:00,btc_mxn,1161869.98,1161870.02,3.4427258943520123e-06
2024-07-17T01:30:00+00:00,btc_mxn,1161869.98,1161870.02,3.4427258943520123e-06
2024-07-17T01:30:01+00:00,btc_mxn,1161869.98,1161870.02,3.4427258943520123e-06
2024-07-17T01:30:02+00:00,btc_mxn,1161869.98,1161870.02,3.4427258943520123e-06
2024-07-17T01:30:03+00:00,btc_mxn,1161869.98,1161870.02,3.4427258943520123e-06
2024-07-17T01:30:04+00:00,btc_mxn,1161869.98,1161870.02,3.4427258943520123e-06
2024-07-17T01:30:06+00:00,btc_mxn,1161869.98,1161870.02,3.4427258943520123e-06
2024-07-17T01:30:07+00:00,btc_mxn,1161869.98,1161870.02,3.4427258943520123e-06
2024-07-17T01:30:08+00:00,btc_mxn,1161869.98,1161870.02,3.4427258943520123e-06
2024-07-17T01:30:09+00:00,btc_mxn,1161869.98,1161870.02,3.4427258943520123e-06
2024-07-17T01:30:10+00:00,btc_mxn,1161869.98,1161870.02,3.4427258943520123e-06
2024-07-17T01:30:11+00:00,btc_mxn,1161869.98,1161870.02,3.4427258943520123e-06
2024-07-17T01:30:13+00:00,btc_mxn,1161869.98,1161870.02,3.4427258943520123e-06
2024-07-17T01:30:14+00:00,btc_mxn,1161869.98,1161870.02,3.4427258943520123e-06
2024-07-17T01:30:15+00:00,btc_mxn,1161869.98,1161870.02,3.4427258943520123e-06
2024-07-17T01:30:16+00:00,btc_mxn,1161869.98,1161870.02,3.4427258943520123e-06
2024-07-17T01:30:17+00:00,btc_mxn,1161869.98,1161870.02,3.4427258943520123e-06
2024-07-17T01:30:18+00:00,btc_mxn,1161869.98,1161870.02,3.4427258943520123e-06
2024-07-17T01:30:20+00:00,btc_mxn,1161869.98,1161870.02,3.4427258943520123e-06
2024-07-17T01:30:21+00:00,btc_mxn,1161869.98,1161870.02,3.4427258943520123e-06
2024-07-17T01:30:22+00:00,btc_mxn,1161869.98,1161870.02,3.4427258943520123e-06
2024-07-17T01:30:23+00:00,btc_mxn,1161869.98,1161870.02,3.4427258943520123e-06
2024-07-17T01:30:24+00:00,btc_mxn,1161869.98,1161870.02,3.4427258943520123e-06
2024-07-17T01:30:25+00:00,btc_mxn,1161869.98,1161870.02,3.4427258943520123e-06
2024-07-17T01:30:26+00:00,btc_mxn,1161869.98,1161870.02,3.4427258943520123e-06
2024-07-17T01:30:28+00:00,btc_mxn,1161869.98,1161870.02,3.4427258943520123e-06
2024-07-17T01:30:29+00:00,btc_mxn,1161869.98,1161870.02,3.4427258943520123e-06
2024-07-17T01:30:30+00:00,btc_mxn,1161869.98,1161870.02,3.4427258943520123e-06
2024-07-17T01:30:31+00:00,btc_mxn,1161869.98,1161870.02,3.4427258943520123e-06
2024-07-17T01:30:32+00:00,btc_mxn,1161869.98,1161870.02,3.4427258943520123e-06
2024-07-17T01:30:33+00:00,btc_mxn,1161869.98,1161870.02,3.4427258943520123e-06
2024-07-17T01:30:35+00:00,btc_mxn,1161869.98,1161870.02,3.4427258943520123e-06
2024-07-17T01:30:36+00:00,btc_mxn,1161869.98,1161870.02,3.4427258943520123e-06
2024-07-17T01:30:37+00:00,btc_mxn,1161869.98,1161870.02,3.4427258943520123e-06
2024-07-17T01:30:38+00:00,btc_mxn,1161869.98,1161870.02,3.4427258943520123e-06
2024-07-17T01:30:39+00:00,btc_mxn,1161869.98,1161870.02,3.4427258943520123e-06
2024-07-17T01:30:40+00:00,btc_mxn,1161869.98,1161870.02,3.4427258943520123e-06
2024-07-17T01:30:41+00:00,btc_mxn,1161869.98,1161870.02,3.4427258943520123e-06
2024-07-17T01:30:43+00:00,btc_mxn,1161869.98,1161870.02,3.4427258943520123e-06
2024-07-17T01:30:44+00:00,btc_mxn,1161869.98,1161870.02,3.4427258943520123e-06
2024-07-17T01:30:45+00:00,btc_mxn,1161869.98,1161870.02,3.4427258943520123e-06
2024-07-17T01:30:46+00:00,btc_mxn,1161869.98,1161870.02,3.4427258943520123e-06
2024-07-17T01:30:47+00:00,btc_mxn,1161869.98,1161870.02,3.4427258943520123e-06
2024-07-17T01:30:49+00:00,btc_mxn,1161869.98,1161870.02,3.4427258943520123e-06
2024-07-17T01:30:50+00:00,btc_mxn,1161869.98,1161870.02,3.4427258943520123e-06
2024-07-17T01:30:51+00:00,btc_mxn,1161869.98,1161870.02,3.4427258943520123e-06
2024-07-17T01:30:52+00:00,btc_mxn,1161869.98,1161870.02,3.4427258943520123e-06
2024-07-17T01:30:53+00:00,btc_mxn,1161869.98,1161870.02,3.4427258943520123e-06
2024-07-17T01:30:54+00:00,btc_mxn,1161869.98,1161870.02,3.4427258943520123e-06
2024-07-17T01:30:56+00:00,btc_mxn,1161869.98,1161870.02,3.4427258943520123e-06
2024-07-17T01:30:57+00:00,btc_mxn,1161869.98,1161870.02,3.4427258943520123e-06
2024-07-17T01:30:58+00:00,btc_mxn,1161869.98,1161870.02,3.4427258943520123e-06
2024-07-17T01:30:59+00:00,btc_mxn,1161869.98,1161870.02,3.4427258943520123e-06
2024-07-17T01:31:00+00:00,btc_mxn,1161869.98,1161870.02,3.4427258943520123e-06
2024-07-17T01:31:01+00:00,btc_mxn,1161869.98,1161870.02,3.4427258943520123e-06
2024-07-17T01:31:02+00:00,btc_mxn,1161869.98,1161870.02,3.4427258943520123e-06
2024-07-17T01:31:04+00:00,btc_mxn,1161869.98,1161870.02,3.4427258943520123e-06
2024-07-17T01:31:05+00:00,btc_mxn,1161869.98,1161870.02,3.4427258943520123e-06
2024-07-17T01:31:06+00:00,btc_mxn,1161869.98,1161870.02,3.4427258943520123e-06
2024-07-17T01:31:07+00:00,btc_mxn,1161869.98,1161870.02,3.4427258943520123e-06
2024-07-17T01:31:09+00:00,btc_mxn,1161869.98,1161870.02,3.4427258943520123e-06
2024-07-17T01:31:10+00:00,btc_mxn,1161869.98,1161870.02,3.4427258943520123e-06
2024-07-17T01:31:11+00:00,btc_mxn,1161869.98,1161870.02,3.4427258943520123e-06
2024-07-17T01:31:12+00:00,btc_mxn,1161869.98,1161870.02,3.4427258943520123e-06
2024-07-17T01:31:13+00:00,btc_mxn,1161869.98,1161870.02,3.4427258943520123e-06
2024-07-17T01:31:14+00:00,btc_mxn,1161869.98,1161870.02,3.4427258943520123e-06
2024-07-17T01:31:16+00:00,btc_mxn,1161869.98,1161870.02,3.4427258943520123e-06
2024-07-17T01:31:17+00:00,btc_mxn,1161869.98,1161870.02,3.4427258943520123e-06
2024-07-17T01:31:18+00:00,btc_mxn,1161869.98,1161870.02,3.4427258943520123e-06
2024-07-17T01:31:19+00:00,btc_mxn,1161869.98,1161870.02,3.4427258943520123e-06
2024-07-17T01:31:20+00:00,btc_mxn,1161869.98,1161870.02,3.4427258943520123e-06
2024-07-17T01:31:21+00:00,btc_mxn,1161869.98,1161870.02,3.4427258943520123e-06
2024-07-17T01:31:23+00:00,btc_mxn,1161869.98,1161870.02,3.4427258943520123e-06
2024-07-17T01:31:24+00:00,btc_mxn,1161869.98,1161870.02,3.4427258943520123e-06
2024-07-17T01:31:25+00:00,btc_mxn,1161869.98,1161870.02,3.4427258943520123e-06
2024-07-17T01:31:26+00:00,btc_mxn,1161869.98,1161870.02,3.4427258943520123e-06
2024-07-17T01:31:27+00:00,btc_mxn,1161869.98,1161870.02,3.4427258943520123e-06
2024-07-17T01:31:29+00:00,btc_mxn,1161869.98,1161870.02,3.4427258943520123e-06
2024-07-17T01:31:30+00:00,btc_mxn,1161869.98,1161870.02,3.4427258943520123e-06
