orderbook_timestamp,book,bid,ask,spread
2024-07-15T08:23:29+00:00,btc_mxn,1023069.98,1023070.02,3.909800820598076e-06
2024-07-15T08:23:29+00:00,usd_mxn,17.6,17.61,0.05678591709254975
2024-07-15T08:23:30+00:00,btc_mxn,1023069.98,1023070.02,3.909800820598076e-06
2024-07-15T08:23:30+00:00,usd_mxn,17.6,17.61,0.05678591709254975
2024-07-15T08:23:31+00:00,btc_mxn,1023069.98,1023070.02,3.909800820598076e-06
2024-07-15T08:23:32+00:00,usd_mxn,17.6,17.61,0.05678591709254975
2024-07-15T08:23:32+00:00,btc_mxn,1023069.98,1023070.02,3.909800820598076e-06
2024-07-15T08:23:31+00:00,usd_mxn,17.6,17.61,0.05678591709254975
2024-07-15T08:23:33+00:00,btc_mxn,1023069.98,1023070.02,3.909800820598076e-06
2024-07-15T08:23:33+00:00,usd_mxn,17.6,17.61,0.05678591709254975
2024-07-15T08:23:34+00:00,btc_mxn,1023069.98,1023070.02,3.909800820598076e-06
2024-07-15T08:23:34+00:00,usd_mxn,17.6,17.61,0.05678591709254975
2024-07-15T08:23:35+00:00,btc_mxn,1023069.98,1023070.02,3.909800820598076e-06
2024-07-15T08:23:35+00:00,usd_mxn,17.6,17.61,0.05678591709254975
2024-07-15T08:23:36+00:00,btc_mxn,1023069.98,1023070.02,3.909800820598076e-06
2024-07-15T08:23:36+00:00,usd_mxn,17.6,17.61,0.05678591709254975
2024-07-15T08:23:37+00:00,btc_mxn,1023069.98,1023070.02,3.909800820598076e-06
2024-07-15T08:23:37+00:00,usd_mxn,17.6,17.61,0.05678591709254975
2024-07-15T08:23:38+00:00,btc_mxn,1023069.98,1023070.02,3.909800820598076e-06
2024-07-15T08:23:38+00:00,usd_mxn,17.6,17.61,0.05678591709254975
2024-07-15T08:23:40+00:00,btc_mxn,1023069.98,1023070.02,3.909800820598076e-06
2024-07-15T08:23:40+00:00,usd_mxn,17.6,17.61,0.05678591709254975
2024-07-15T08:23:39+00:00,usd_mxn,17.6,17.61,0.05678591709254975
2024-07-15T08:23:41+00:00,btc_mxn,1023069.98,1023070.02,3.909800820598076e-06
2024-07-15T08:23:39+00:00,btc_mxn,1023069.98,1023070.02,3.909800820598076e-06
2024-07-15T08:23:41+00:00,usd_mxn,17.6,17.61,0.05678591709254975
2024-07-15T08:23:42+00:00,btc_mxn,1023069.98,1023070.02,3.909800820598076e-06
2024-07-15T08:23:42+00:00,usd_mxn,17.6,17.61,0.05678591709254975
2024-07-15T08:23:43+00:00,btc_mxn,1023069.98,1023070.02,3.909800820598076e-06
2024-07-15T08:23:43+00:00,usd_mxn,17.6,17.61,0.05678591709254975
2024-07-15T08:23:44+00:00,btc_mxn,1023069.98,1023070.02,3.909800820598076e-06
2024-07-15T08:23:44+00:00,usd_mxn,17.6,17.61,0.05678591709254975
2024-07-15T08:23:46+00:00,btc_mxn,1023069.98,1023070.02,3.909800820598076e-06
2024-07-15T08:23:45+00:00,usd_mxn,17.6,17.61,0.05678591709254975
2024-07-15T08:23:47+00:00,btc_mxn,1023069.98,1023070.02,3.909800820598076e-06
2024-07-15T08:23:45+00:00,btc_mxn,1023069.98,1023070.02,3.909800820598076e-06
2024-07-15T08:23:47+00:00,usd_mxn,17.6,17.61,0.05678591709254975
2024-07-15T08:23:46+00:00,usd_mxn,17.6,17.61,0.05678591709254975
2024-07-15T08:23:48+00:00,btc_mxn,1023069.98,1023070.02,3.909800820598076e-06
2024-07-15T08:23:48+00:00,usd_mxn,17.6,17.61,0.05678591709254975
2024-07-15T08:23:49+00:00,btc_mxn,1023069.98,1023070.02,3.909800820598076e-06
2024-07-15T08:23:49+00:00,usd_mxn,17.6,17.61,0.05678591709254975
2024-07-15T08:23:50+00:00,btc_mxn,1023069.98,1023070.02,3.909800820598076e-06
2024-07-15T08:23:50+00:00,usd_mxn,17.6,17.61,0.05678591709254975
2024-07-15T08:23:51+00:00,btc_mxn,1023069.98,1023070.02,3.909800820598076e-06
2024-07-15T08:23:51+00:00,usd_mxn,17.6,17.61,0.05678591709254975
2024-07-15T08:23:52+00:00,btc_mxn,1023069.98,1023070.02,3.909800820598076e-06
2024-07-15T08:23:52+00:00,usd_mxn,17.6,17.61,0.05678591709254975
2024-07-15T08:23:53+00:00,btc_mxn,1023069.98,1023070.02,3.909800820598076e-06
2024-07-15T08:23:53+00:00,usd_mxn,17.6,17.61,0.05678591709254975
2024-07-15T08:23:55+00:00,btc_mxn,1023069.98,1023070.02,3.909800820598076e-06
2024-07-15T08:23:55+00:00,usd_mxn,17.6,17.61,0.05678591709254975
2024-07-15T08:23:56+00:00,btc_mxn,1023069.98,1023070.02,3.909800820598076e-06
2024-07-15T08:23:56+00:00,usd_mxn,17.6,17.61,0.05678591709254975
2024-07-15T08:23:57+00:00,btc_mxn,1023069.98,1023070.02,3.909800820598076e-06
2024-07-15T08:23:57+00:00,usd_mxn,17.6,17.61,0.05678591709254975
2024-07-15T08:23:58+00:00,usd_mxn,17.6,17.61,0.05678591709254975
2024-07-15T08:23:58+00:00,btc_mxn,1023069.98,1023070.02,3.909800820598076e-06
2024-07-15T08:23:59+00:00,usd_mxn,17.6,17.61,0.05678591709254975
2024-07-15T08:23:59+00:00,btc_mxn,1023069.98,1023070.02,3.909800820598076e-06
2024-07-15T08:24:00+00:00,usd_mxn,17.6,17.61,0.05678591709254975
2024-07-15T08:24:00+00:00,btc_mxn,1023069.98,1023070.02,3.909800820598076e-06
2024-07-15T08:24:02+00:00,btc_mxn,1023069.98,1023070.02,3.909800820598076e-06
2024-07-15T08:24:01+00:00,usd_mxn,17.6,17.61,0.05678591709254975
2024-07-15T08:24:03+00:00,btc_mxn,1023069.98,1023070.02,3.909800820598076e-06
2024-07-15T08:24:03+00:00,usd_mxn,17.6,17.61,0.05678591709254975
2024-07-15T08:24:02+00:00,usd_mxn,17.6,17.61,0.05678591709254975
2024-07-15T08:24:04+00:00,btc_mxn,1023069.98,1023070.02,3.909800820598076e-06
2024-07-15T08:24:04+00:00,usd_mxn,17.6,17.61,0.05678591709254975
2024-07-15T08:24:05+00:00,btc_mxn,1023069.98,1023070.02,3.909800820598076e-06
2024-07-15T08:24:05+00:00,usd_mxn,17.6,17.61,0.05678591709254975
2024-07-15T08:24:06+00:00,btc_mxn,1023069.98,1023070.02,3.909800820598076e-06
2024-07-15T08:24:06+00:00,usd_mxn,17.6,17.61,0.05678591709254975
2024-07-15T08:24:07+00:00,btc_mxn,1023069.98,1023070.02,3.909800820598076e-06
2024-07-15T08:24:07+00:00,usd_mxn,17.6,17.61,0.05678591709254975
2024-07-15T08:24:08+00:00,btc_mxn,1023069.98,1023070.02,3.909800820598076e-06
2024-07-15T08:24:08+00:00,usd_mxn,17.6,17.61,0.05678591709254975
2024-07-15T08:24:10+00:00,btc_mxn,1023069.98,1023070.02,3.909800820598076e-06
2024-07-15T08:24:10+00:00,usd_mxn,17.6,17.61,0.05678591709254975
2024-07-15T08:24:11+00:00,btc_mxn,1023069.98,1023070.02,3.909800820598076e-06
2024-07-15T08:24:11+00:00,usd_mxn,17.6,17.61,0.05678591709254975
2024-07-15T08:24:12+00:00,btc_mxn,1023069.98,1023070.02,3.909800820598076e-06
2024-07-15T08:24:12+00:00,usd_mxn,17.6,17.61,0.05678591709254975
2024-07-15T08:24:13+00:00,btc_mxn,1023069.98,1023070.02,3.909800820598076e-06
2024-07-15T08:24:13+00:00,usd_mxn,17.6,17.61,0.05678591709254975
2024-07-15T08:24:14+00:00,btc_mxn,1023069.98,1023070.02,3.909800820598076e-06
2024-07-15T08:24:14+00:00,usd_mxn,17.6,17.61,0.05678591709254975
2024-07-15T08:24:15+00:00,btc_mxn,1023069.98,1023070.02,3.909800820598076e-06
2024-07-15T08:24:15+00:00,usd_mxn,17.6,17.61,0.05678591709254975
2024-07-15T08:24:17+00:00,btc_mxn,1023069.98,1023070.02,3.909800820598076e-06
2024-07-15T08:24:17+00:00,usd_mxn,17.6,17.61,0.05678591709254975
2024-07-15T08:24:18+00:00,btc_mxn,1023069.98,1023070.02,3.909800820598076e-06
2024-07-15T08:24:18+00:00,usd_mxn,17.6,17.61,0.05678591709254975
2024-07-15T08:24:19+00:00,btc_mxn,1023069.98,1023070.02,3.909800820598076e-06
2024-07-15T08:24:19+00:00,usd_mxn,17.6,17.61,0.05678591709254975
2024-07-15T08:24:20+00:00,btc_mxn,1023069.98,1023070.02,3.909800820598076e-06
2024-07-15T08:24:20+00:00,usd_mxn,17.6,17.61,0.05678591709254975
2024-07-15T08:24:21+00:00,btc_mxn,1023069.98,1023070.02,3.909800820598076e-06
2024-07-15T08:24:21+00:00,usd_mxn,17.6,17.61,0.05678591709254975
2024-07-15T08:24:22+00:00,btc_mxn,1023069.98,1023070.02,3.909800820598076e-06
2024-07-15T08:24:22+00:00,usd_mxn,17.6,17.61,0.05678591709254975
2024-07-15T08:24:23+00:00,btc_mxn,1023069.98,1023070.02,3.909800820598076e-06
2024-07-15T08:24:23+00:00,usd_mxn,17.6,17.61,0.05678591709254975
2024-07-15T08:24:25+00:00,btc_mxn,1023069.98,1023070.02,3.909800820598076e-06
2024-07-15T08:24:24+00:00,btc_mxn,1023069.98,1023070.02,3.909800820598076e-06
2024-07-15T08:24:25+00:00,usd_mxn,17.6,17.61,0.05678591709254975
2024-07-15T08:24:26+00:00,btc_mxn,1023069.98,1023070.02,3.909800820598076e-06
2024-07-15T08:24:26+00:00,usd_mxn,17.6,17.61,0.05678591709254975
2024-07-15T08:24:27+00:00,btc_mxn,1023069.98,1023070.02,3.909800820598076e-06
2024-07-15T08:24:27+00:00,usd_mxn,17.6,17.61,0.05678591709254975
2024-07-15T08:24:28+00:00,btc_mxn,1023069.98,1023070.02,3.909800820598076e-06
2024-07-15T08:24:28+00:00,usd_mxn,17.6,17.61,0.05678591709254975
2024-07-15T08:24:29+00:00,btc_mxn,1023069.98,1023070.02,3.909800820598076e-06
2024-07-15T08:24:29+00:00,usd_mxn,17.6,17.61,0.05678591709254975
2024-07-15T08:24:30+00:00,btc_mxn,1023069.98,1023070.02,3.909800820598076e-06
2024-07-15T08:24:30+00:00,usd_mxn,17.6,17.61,0.05678591709254975
2024-07-15T08:24:32+00:00,btc_mxn,1023069.98,1023070.02,3.909800820598076e-06
2024-07-15T08:24:32+00:00,usd_mxn,17.6,17.61,0.05678591709254975
2024-07-15T08:24:33+00:00,btc_mxn,1023069.98,1023070.02,3.909800820598076e-06
2024-07-15T08:24:33+00:00,usd_mxn,17.6,17.61,0.05678591709254975
2024-07-15T08:24:34+00:00,btc_mxn,1023069.98,1023070.02,3.909800820598076e-06
2024-07-15T08:24:34+00:00,usd_mxn,17.6,17.61,0.05678591709254975
2024-07-15T08:24:35+00:00,btc_mxn,1023069.98,1023070.02,3.909800820598076e-06
2024-07-15T08:24:35+00:00,usd_mxn,17.6,17.61,0.05678591709254975
2024-07-15T08:24:36+00:00,btc_mxn,1023069.98,1023070.02,3.909800820598076e-06
2024-07-15T08:24:36+00:00,usd_mxn,17.6,17.61,0.05678591709254975
2024-07-15T08:24:38+00:00,btc_mxn,1023069.98,1023070.02,3.909800820598076e-06
2024-07-15T08:24:37+00:00,usd_mxn,17.6,17.61,0.05678591709254975
2024-07-15T08:24:39+00:00,btc_mxn,1023069.98,1023070.02,3.909800820598076e-06
2024-07-15T08:24:39+00:00,usd_mxn,17.6,17.61,0.05678591709254975
2024-07-15T08:24:37+00:00,btc_mxn,1023069.98,1023070.02,3.909800820598076e-06
2024-07-15T08:24:40+00:00,btc_mxn,1023069.98,1023070.02,3.909800820598076e-06
2024-07-15T08:24:40+00:00,usd_mxn,17.6,17.61,0.05678591709254975
2024-07-15T08:24:41+00:00,btc_mxn,1023069.98,1023070.02,3.909800820598076e-06
2024-07-15T08:24:41+00:00,usd_mxn,17.6,17.61,0.05678591709254975
2024-07-15T08:24:42+00:00,btc_mxn,1023069.98,1023070.02,3.909800820598076e-06
2024-07-15T08:24:42+00:00,usd_mxn,17.6,17.61,0.05678591709254975
2024-07-15T08:24:43+00:00,btc_mxn,1023069.98,1023070.02,3.909800820598076e-06
2024-07-15T08:24:43+00:00,usd_mxn,17.6,17.61,0.05678591709254975
2024-07-15T08:24:44+00:00,btc_mxn,1023069.98,1023070.02,3.909800820598076e-06
2024-07-15T08:24:44+00:00,usd_mxn,17.6,17.61,0.05678591709254975
2024-07-15T08:24:45+00:00,btc_mxn,1023069.98,1023070.02,3.909800820598076e-06
2024-07-15T08:24:45+00:00,usd_mxn,17.6,17.61,0.05678591709254975
2024-07-15T08:24:47+00:00,btc_mxn,1023069.98,1023070.02,3.909800820598076e-06
2024-07-15T08:24:47+00:00,usd_mxn,17.6,17.61,0.05678591709254975
2024-07-15T08:24:46+00:00,btc_mxn,1023069.98,1023070.02,3.909800820598076e-06
2024-07-15T08:24:48+00:00,btc_mxn,1023069.98,1023070.02,3.909800820598076e-06
2024-07-15T08:24:48+00:00,usd_mxn,17.6,17.61,0.05678591709254975
2024-07-15T08:24:49+00:00,btc_mxn,1023069.98,1023070.02,3.909800820598076e-06
2024-07-15T08:24:49+00:00,usd_mxn,17.6,17.61,0.05678591709254975
2024-07-15T08:24:50+00:00,usd_mxn,17.6,17.61,0.05678591709254975
2024-07-15T08:24:50+00:00,btc_mxn,1023069.98,1023070.02,3.909800820598076e-06
2024-07-15T08:24:51+00:00,usd_mxn,17.6,17.61,0.05678591709254975
2024-07-15T08:24:51+00:00,btc_mxn,1023069.98,1023070.02,3.909800820598076e-06
2024-07-15T08:24:52+00:00,usd_mxn,17.6,17.61,0.05678591709254975
2024-07-15T08:24:52+00:00,btc_mxn,1023069.98,1023070.02,3.909800820598076e-06
2024-07-15T08:24:54+00:00,usd_mxn,17.6,17.61,0.05678591709254975
2024-07-15T08:24:54+00:00,btc_mxn,1023069.98,1023070.02,3.909800820598076e-06
2024-07-15T08:24:55+00:00,usd_mxn,17.6,17.61,0.05678591709254975
2024-07-15T08:24:55+00:00,btc_mxn,1023069.98,1023070.02,3.909800820598076e-06
2024-07-15T08:24:56+00:00,usd_mxn,17.6,17.61,0.05678591709254975
2024-07-15T08:24:56+00:00,btc_mxn,1023069.98,1023070.02,3.909800820598076e-06
2024-07-15T08:24:57+00:00,usd_mxn,17.6,17.61,0.05678591709254975
2024-07-15T08:24:53+00:00,usd_mxn,17.6,17.61,0.05678591709254975
2024-07-15T08:24:57+00:00,btc_mxn,1023069.98,1023070.02,3.909800820598076e-06
2024-07-15T08:24:58+00:00,usd_mxn,17.6,17.61,0.05678591709254975
2024-07-15T08:24:58+00:00,btc_mxn,1023069.98,1023070.02,3.909800820598076e-06
2024-07-15T08:24:59+00:00,usd_mxn,17.6,17.61,0.05678591709254975
2024-07-15T08:24:59+00:00,btc_mxn,1023069.98,1023070.02,3.909800820598076e-06
2024-07-15T08:25:00+00:00,usd_mxn,17.6,17.61,0.05678591709254975
2024-07-15T08:25:00+00:00,btc_mxn,1023069.98,1023070.02,3.909800820598076e-06
2024-07-15T08:25:02+00:00,usd_mxn,17.6,17.61,0.05678591709254975
2024-07-15T08:25:02+00:00,btc_mxn,1023069.98,1023070.02,3.909800820598076e-06
2024-07-15T08:25:03+00:00,usd_mxn,17.6,17.61,0.05678591709254975
2024-07-15T08:25:03+00:00,btc_mxn,1023069.98,1023070.02,3.909800820598076e-06
2024-07-15T08:25:04+00:00,usd_mxn,17.6,17.61,0.05678591709254975
2024-07-15T08:25:04+00:00,btc_mxn,1023069.98,1023070.02,3.909800820598076e-06
2024-07-15T08:25:05+00:00,usd_mxn,17.6,17.61,0.05678591709254975
2024-07-15T08:25:05+00:00,btc_mxn,1023069.98,1023070.02,3.909800820598076e-06
2024-07-15T08:25:06+00:00,usd_mxn,17.6,17.61,0.05678591709254975
2024-07-15T08:25:06+00:00,btc_mxn,1023069.98,1023070.02,3.909800820598076e-06
2024-07-15T08:25:07+00:00,usd_mxn,17.6,17.61,0.05678591709254975
2024-07-15T08:25:07+00:00,btc_mxn,1023069.98,1023070.02,3.909800820598076e-06
2024-07-15T08:25:09+00:00,usd_mxn,17.6,17.61,0.05678591709254975
2024-07-15T08:25:09+00:00,btc_mxn,1023069.98,1023070.02,3.909800820598076e-06
2024-07-15T08:25:10+00:00,usd_mxn,17.6,17.61,0.05678591709254975
2024-07-15T08:25:10+00:00,btc_mxn,1023069.98,1023070.02,3.909800820598076e-06
2024-07-15T08:25:11+00:00,usd_mxn,17.6,17.61,0.05678591709254975
2024-07-15T08:25:11+00:00,btc_mxn,1023069.98,1023070.02,3.909800820598076e-06
2024-07-15T08:25:12+00:00,usd_mxn,17.6,17.61,0.05678591709254975
2024-07-15T08:25:12+00:00,btc_mxn,1023069.98,1023070.02,3.909800820598076e-06
2024-07-15T08:25:13+00:00,usd_mxn,17.6,17.61,0.05678591709254975
2024-07-15T08:25:13+00:00,btc_mxn,1023069.98,1023070.02,3.909800820598076e-06
2024-07-15T08:25:14+00:00,usd_mxn,17.6,17.61,0.05678591709254975
2024-07-15T08:25:14+00:00,btc_mxn,1023069.98,1023070.02,3.909800820598076e-06
2024-07-15T08:25:16+00:00,usd_mxn,17.6,17.61,0.05678591709254975
2024-07-15T08:25:16+00:00,btc_mxn,1023069.98,1023070.02,3.909800820598076e-06
2024-07-15T08:25:17+00:00,usd_mxn,17.6,17.61,0.05678591709254975
2024-07-15T08:25:17+00:00,btc_mxn,1023069.98,1023070.02,3.909800820598076e-06
2024-07-15T08:25:18+00:00,usd_mxn,17.6,17.61,0.05678591709254975
2024-07-15T08:25:18+00:00,btc_mxn,1023069.98,1023070.02,3.909800820598076e-06
2024-07-15T08:25:19+00:00,btc_mxn,1023069.98,1023070.02,3.909800820598076e-06
2024-07-15T08:25:19+00:00,usd_mxn,17.6,17.61,0.05678591709254975
2024-07-15T08:25:20+00:00,usd_mxn,17.6,17.61,0.05678591709254975
2024-07-15T08:25:20+00:00,btc_mxn,1023069.98,1023070.02,3.909800820598076e-06
2024-07-15T08:25:21+00:00,usd_mxn,17.6,17.61,0.05678591709254975
2024-07-15T08:25:21+00:00,btc_mxn,1023069.98,1023070.02,3.909800820598076e-06
2024-07-15T08:25:22+00:00,usd_mxn,17.6,17.61,0.05678591709254975
2024-07-15T08:25:22+00:00,btc_mxn,1023069.98,1023070.02,3.909800820598076e-06
2024-07-15T08:25:24+00:00,usd_mxn,17.6,17.61,0.05678591709254975
2024-07-15T08:25:24+00:00,btc_mxn,1023069.98,1023070.02,3.909800820598076e-06
2024-07-15T08:25:25+00:00,usd_mxn,17.6,17.61,0.05678591709254975
2024-07-15T08:25:25+00:00,btc_mxn,1023069.98,1023070.02,3.909800820598076e-06
2024-07-15T08:25:26+00:00,usd_mxn,17.6,17.61,0.05678591709254975
2024-07-15T08:25:26+00:00,btc_mxn,1023069.98,1023070.02,3.909800820598076e-06
2024-07-15T08:25:27+00:00,usd_mxn,17.6,17.61,0.05678591709254975
2024-07-15T08:25:27+00:00,btc_mxn,1023069.98,1023070.02,3.909800820598076e-06
2024-07-15T08:25:28+00:00,usd_mxn,17.6,17.61,0.05678591709254975
2024-07-15T08:25:28+00:00,btc_mxn,1023069.98,1023070.02,3.909800820598076e-06
2024-07-15T08:25:29+00:00,usd_mxn,17.6,17.61,0.05678591709254975
2024-07-15T08:25:29+00:00,btc_mxn,1023069.98,1023070.02,3.909800820598076e-06
2024-07-15T08:25:31+00:00,usd_mxn,17.6,17.61,0.05678591709254975
2024-07-15T08:25:31+00:00,btc_mxn,1023069.98,1023070.02,3.909800820598076e-06
2024-07-15T08:25:32+00:00,usd_mxn,17.6,17.61,0.05678591709254975
2024-07-15T08:25:32+00:00,btc_mxn,1023069.98,1023070.02,3.909800820598076e-06
2024-07-15T08:25:33+00:00,usd_mxn,17.6,17.61,0.05678591709254975
2024-07-15T08:25:33+00:00,btc_mxn,1023069.98,1023070.02,3.909800820598076e-06
2024-07-15T08:25:34+00:00,usd_mxn,17.6,17.61,0.05678591709254975
2024-07-15T08:25:34+00:00,btc_mxn,1023069.98,1023070.02,3.909800820598076e-06
2024-07-15T08:25:35+00:00,usd_mxn,17.6,17.61,0.05678591709254975
2024-07-15T08:25:35+00:00,btc_mxn,1023069.98,1023070.02,3.909800820598076e-06
2024-07-15T08:25:36+00:00,usd_mxn,17.6,17.61,0.05678591709254975
2024-07-15T08:25:36+00:00,btc_mxn,1023069.98,1023070.02,3.909800820598076e-06
2024-07-15T08:25:37+00:00,usd_mxn,17.6,17.61,0.05678591709254975
2024-07-15T08:25:37+00:00,btc_mxn,1023069.98,1023070.02,3.909800820598076e-06
2024-07-15T08:25:39+00:00,usd_mxn,17.6,17.61,0.05678591709254975
2024-07-15T08:25:39+00:00,btc_mxn,1023069.98,1023070.02,3.909800820598076e-06
2024-07-15T08:25:40+00:00,usd_mxn,17.6,17.61,0.05678591709254975
2024-07-15T08:25:40+00:00,btc_mxn,1023069.98,1023070.02,3.909800820598076e-06
2024-07-15T08:25:41+00:00,usd_mxn,17.6,17.61,0.05678591709254975
2024-07-15T08:25:41+00:00,btc_mxn,1023069.98,1023070.02,3.909800820598076e-06
2024-07-15T08:25:42+00:00,usd_mxn,17.6,17.61,0.05678591709254975
2024-07-15T08:25:42+00:00,btc_mxn,1023069.98,1023070.02,3.909800820598076e-06
2024-07-15T08:25:43+00:00,usd_mxn,17.6,17.61,0.05678591709254975
2024-07-15T08:25:43+00:00,btc_mxn,1023069.98,1023070.02,3.909800820598076e-06
2024-07-15T08:25:45+00:00,usd_mxn,17.6,17.61,0.05678591709254975
2024-07-15T08:25:45+00:00,btc_mxn,1023069.98,1023070.02,3.909800820598076e-06
2024-07-15T08:25:46+00:00,usd_mxn,17.6,17.61,0.05678591709254975
2024-07-15T08:25:46+00:00,btc_mxn,1023069.98,1023070.02,3.909800820598076e-06
2024-07-15T08:25:47+00:00,usd_mxn,17.6,17.61,0.05678591709254975
2024-07-15T08:25:47+00:00,btc_mxn,1023069.98,1023070.02,3.909800820598076e-06
2024-07-15T08:25:48+00:00,usd_mxn,17.6,17.61,0.05678591709254975
2024-07-15T08:25:48+00:00,btc_mxn,1023069.98,1023070.02,3.909800820598076e-06
2024-07-15T08:25:49+00:00,usd_mxn,17.6,17.61,0.05678591709254975
2024-07-15T08:25:49+00:00,btc_mxn,1023069.98,1023070.02,3.909800820598076e-06
2024-07-15T08:25:50+00:00,usd_mxn,17.6,17.61,0.05678591709254975
2024-07-15T08:25:50+00:00,btc_mxn,1023069.98,1023070.02,3.909800820598076e-06
2024-07-15T08:25:52+00:00,usd_mxn,17.6,17.61,0.05678591709254975
2024-07-15T08:25:52+00:00,btc_mxn,1023069.98,1023070.02,3.909800820598076e-06
2024-07-15T08:25:53+00:00,usd_mxn,17.6,17.61,0.05678591709254975
2024-07-15T08:25:51+00:00,btc_mxn,1023069.98,1023070.02,3.909800820598076e-06
2024-07-15T08:25:53+00:00,btc_mxn,1023069.98,1023070.02,3.909800820598076e-06
2024-07-15T08:25:54+00:00,usd_mxn,17.6,17.61,0.05678591709254975
2024-07-15T08:25:56+00:00,usd_mxn,17.6,17.61,0.05678591709254975
2024-07-15T08:25:54+00:00,btc_mxn,1023069.98,1023070.02,3.909800820598076e-06
2024-07-15T08:25:55+00:00,btc_mxn,1023069.98,1023070.02,3.909800820598076e-06
2024-07-15T08:25:57+00:00,usd_mxn,17.6,17.61,0.05678591709254975
2024-07-15T08:25:56+00:00,btc_mxn,1023069.98,1023070.02,3.909800820598076e-06
2024-07-15T08:25:59+00:00,usd_mxn,17.6,17.61,0.05678591709254975
2024-07-15T08:25:57+00:00,btc_mxn,1023069.98,1023070.02,3.909800820598076e-06
2024-07-15T08:26:00+00:00,usd_mxn,17.6,17.61,0.05678591709254975
2024-07-15T08:25:58+00:00,btc_mxn,1023069.98,1023070.02,3.909800820598076e-06
2024-07-15T08:26:01+00:00,usd_mxn,17.6,17.61,0.05678591709254975
2024-07-15T08:26:00+00:00,btc_mxn,1023069.98,1023070.02,3.909800820598076e-06
2024-07-15T08:25:58+00:00,usd_mxn,17.6,17.61,0.05678591709254975
2024-07-15T08:26:02+00:00,usd_mxn,17.6,17.61,0.05678591709254975
2024-07-15T08:26:01+00:00,btc_mxn,1023069.98,1023070.02,3.909800820598076e-06
2024-07-15T08:26:02+00:00,btc_mxn,1023069.98,1023070.02,3.909800820598076e-06
2024-07-15T08:26:03+00:00,usd_mxn,17.6,17.61,0.05678591709254975
2024-07-15T08:26:03+00:00,btc_mxn,1023069.98,1023070.02,3.909800820598076e-06
2024-07-15T08:26:04+00:00,usd_mxn,17.6,17.61,0.05678591709254975
2024-07-15T08:26:04+00:00,btc_mxn,1023069.98,1023070.02,3.909800820598076e-06
2024-07-15T08:26:05+00:00,usd_mxn,17.6,17.61,0.05678591709254975
2024-07-15T08:26:05+00:00,btc_mxn,1023069.98,1023070.02,3.909800820598076e-06
2024-07-15T08:26:07+00:00,usd_mxn,17.6,17.61,0.05678591709254975
2024-07-15T08:26:07+00:00,btc_mxn,1023069.98,1023070.02,3.909800820598076e-06
2024-07-15T08:26:08+00:00,usd_mxn,17.6,17.61,0.05678591709254975
2024-07-15T08:26:09+00:00,usd_mxn,17.6,17.61,0.05678591709254975
2024-07-15T08:26:08+00:00,btc_mxn,1023069.98,1023070.02,3.909800820598076e-06
2024-07-15T08:26:10+00:00,usd_mxn,17.6,17.61,0.05678591709254975
2024-07-15T08:26:09+00:00,btc_mxn,1023069.98,1023070.02,3.909800820598076e-06
2024-07-15T08:26:10+00:00,btc_mxn,1023069.98,1023070.02,3.909800820598076e-06
2024-07-15T08:26:11+00:00,usd_mxn,17.6,17.61,0.05678591709254975
2024-07-15T08:26:11+00:00,btc_mxn,1023069.98,1023070.02,3.909800820598076e-06
2024-07-15T08:26:12+00:00,usd_mxn,17.6,17.61,0.05678591709254975
2024-07-15T08:26:12+00:00,btc_mxn,1023069.98,1023070.02,3.909800820598076e-06
2024-07-15T08:26:14+00:00,usd_mxn,17.6,17.61,0.05678591709254975
2024-07-15T08:26:14+00:00,btc_mxn,1023069.98,1023070.02,3.909800820598076e-06
2024-07-15T08:26:15+00:00,usd_mxn,17.6,17.61,0.05678591709254975
2024-07-15T08:26:13+00:00,usd_mxn,17.6,17.61,0.05678591709254975
2024-07-15T08:26:15+00:00,btc_mxn,1023069.98,1023070.02,3.909800820598076e-06
2024-07-15T08:26:16+00:00,usd_mxn,17.6,17.61,0.05678591709254975
2024-07-15T08:26:16+00:00,btc_mxn,1023069.98,1023070.02,3.909800820598076e-06
2024-07-15T08:26:17+00:00,usd_mxn,17.6,17.61,0.05678591709254975
2024-07-15T08:26:17+00:00,btc_mxn,1023069.98,1023070.02,3.909800820598076e-06
2024-07-15T08:26:18+00:00,usd_mxn,17.6,17.61,0.05678591709254975
2024-07-15T08:26:18+00:00,btc_mxn,1023069.98,1023070.02,3.909800820598076e-06
2024-07-15T08:26:19+00:00,usd_mxn,17.6,17.61,0.05678591709254975
2024-07-15T08:26:19+00:00,btc_mxn,1023069.98,1023070.02,3.909800820598076e-06
2024-07-15T08:26:21+00:00,usd_mxn,17.6,17.61,0.05678591709254975
2024-07-15T08:26:21+00:00,btc_mxn,1023069.98,1023070.02,3.909800820598076e-06
2024-07-15T08:26:22+00:00,usd_mxn,17.6,17.61,0.05678591709254975
2024-07-15T08:26:20+00:00,usd_mxn,17.6,17.61,0.05678591709254975
2024-07-15T08:26:22+00:00,btc_mxn,1023069.98,1023070.02,3.909800820598076e-06
2024-07-15T08:26:23+00:00,usd_mxn,17.6,17.61,0.05678591709254975
2024-07-15T08:26:23+00:00,btc_mxn,1023069.98,1023070.02,3.909800820598076e-06
2024-07-15T08:26:24+00:00,usd_mxn,17.6,17.61,0.05678591709254975
2024-07-15T08:26:24+00:00,btc_mxn,1023069.98,1023070.02,3.909800820598076e-06
2024-07-15T08:26:25+00:00,usd_mxn,17.6,17.61,0.05678591709254975
2024-07-15T08:26:25+00:00,btc_mxn,1023069.98,1023070.02,3.909800820598076e-06
2024-07-15T08:26:26+00:00,usd_mxn,17.6,17.61,0.05678591709254975
2024-07-15T08:26:26+00:00,btc_mxn,1023069.98,1023070.02,3.909800820598076e-06
2024-07-15T08:26:28+00:00,usd_mxn,17.6,17.61,0.05678591709254975
2024-07-15T08:26:28+00:00,btc_mxn,1023069.98,1023070.02,3.909800820598076e-06
2024-07-15T08:26:29+00:00,usd_mxn,17.6,17.61,0.05678591709254975
2024-07-15T08:26:29+00:00,btc_mxn,1023069.98,1023070.02,3.909800820598076e-06
2024-07-15T08:26:30+00:00,usd_mxn,17.6,17.61,0.05678591709254975
2024-07-15T08:26:30+00:00,btc_mxn,1023069.98,1023070.02,3.909800820598076e-06
2024-07-15T08:26:31+00:00,usd_mxn,17.6,17.61,0.05678591709254975
2024-07-15T08:26:31+00:00,btc_mxn,1023069.98,1023070.02,3.909800820598076e-06
2024-07-15T08:26:32+00:00,usd_mxn,17.6,17.61,0.05678591709254975
2024-07-15T08:26:32+00:00,btc_mxn,1023069.98,1023070.02,3.909800820598076e-06
2024-07-15T08:26:33+00:00,usd_mxn,17.6,17.61,0.05678591709254975
2024-07-15T08:26:33+00:00,btc_mxn,1023069.98,1023070.02,3.909800820598076e-06
2024-07-15T08:26:35+00:00,usd_mxn,17.6,17.61,0.05678591709254975
2024-07-15T08:26:35+00:00,btc_mxn,1023069.98,1023070.02,3.909800820598076e-06
2024-07-15T08:26:36+00:00,usd_mxn,17.6,17.61,0.05678591709254975
2024-07-15T08:26:36+00:00,btc_mxn,1023069.98,1023070.02,3.909800820598076e-06
2024-07-15T08:26:34+00:00,btc_mxn,1023069.98,1023070.02,3.909800820598076e-06
2024-07-15T08:26:37+00:00,usd_mxn,17.6,17.61,0.05678591709254975
2024-07-15T08:26:37+00:00,btc_mxn,1023069.98,1023070.02,3.909800820598076e-06
2024-07-15T08:26:38+00:00,usd_mxn,17.6,17.61,0.05678591709254975
2024-07-15T08:26:38+00:00,btc_mxn,1023069.98,1023070.02,3.909800820598076e-06
2024-07-15T08:26:39+00:00,usd_mxn,17.6,17.61,0.05678591709254975
2024-07-15T08:26:39+00:00,btc_mxn,1023069.98,1023070.02,3.909800820598076e-06
2024-07-15T08:26:40+00:00,usd_mxn,17.6,17.61,0.05678591709254975
2024-07-15T08:26:40+00:00,btc_mxn,1023069.98,1023070.02,3.909800820598076e-06
2024-07-15T08:26:41+00:00,usd_mxn,17.6,17.61,0.05678591709254975
2024-07-15T08:26:41+00:00,btc_mxn,1023069.98,1023070.02,3.909800820598076e-06
2024-07-15T08:26:43+00:00,usd_mxn,17.6,17.61,0.05678591709254975
2024-07-15T08:26:43+00:00,btc_mxn,1023069.98,1023070.02,3.909800820598076e-06
2024-07-15T08:26:42+00:00,usd_mxn,17.6,17.61,0.05678591709254975
2024-07-15T08:26:44+00:00,usd_mxn,17.6,17.61,0.05678591709254975
2024-07-15T08:26:44+00:00,btc_mxn,1023069.98,1023070.02,3.909800820598076e-06
2024-07-15T08:26:45+00:00,usd_mxn,17.6,17.61,0.05678591709254975
2024-07-15T08:26:45+00:00,btc_mxn,1023069.98,1023070.02,3.909800820598076e-06
2024-07-15T08:26:46+00:00,usd_mxn,17.6,17.61,0.05678591709254975
2024-07-15T08:26:46+00:00,btc_mxn,1023069.98,1023070.02,3.909800820598076e-06
2024-07-15T08:26:47+00:00,usd_mxn,17.6,17.61,0.05678591709254975
2024-07-15T08:26:47+00:00,btc_mxn,1023069.98,1023070.02,3.909800820598076e-06
2024-07-15T08:26:48+00:00,usd_mxn,17.6,17.61,0.05678591709254975
2024-07-15T08:26:48+00:00,btc_mxn,1023069.98,1023070.02,3.909800820598076e-06
2024-07-15T08:26:50+00:00,usd_mxn,17.6,17.61,0.05678591709254975
2024-07-15T08:26:50+00:00,btc_mxn,1023069.98,1023070.02,3.909800820598076e-06
2024-07-15T08:26:49+00:00,usd_mxn,17.6,17.61,0.05678591709254975
2024-07-15T08:26:51+00:00,usd_mxn,17.6,17.61,0.05678591709254975
2024-07-15T08:26:51+00:00,btc_mxn,1023069.98,1023070.02,3.909800820598076e-06
2024-07-15T08:26:52+00:00,usd_mxn,17.6,17.61,0.05678591709254975
2024-07-15T08:26:52+00:00,btc_mxn,1023069.98,1023070.02,3.909800820598076e-06
2024-07-15T08:26:53+00:00,usd_mxn,17.6,17.61,0.05678591709254975
2024-07-15T08:26:53+00:00,btc_mxn,1023069.98,1023070.02,3.909800820598076e-06
2024-07-15T08:26:54+00:00,usd_mxn,17.6,17.61,0.05678591709254975
2024-07-15T08:26:54+00:00,btc_mxn,1023069.98,1023070.02,3.909800820598076e-06
2024-07-15T08:26:55+00:00,usd_mxn,17.6,17.61,0.05678591709254975
2024-07-15T08:26:55+00:00,btc_mxn,1023069.98,1023070.02,3.909800820598076e-06
2024-07-15T08:26:57+00:00,usd_mxn,17.6,17.61,0.05678591709254975
2024-07-15T08:26:57+00:00,btc_mxn,1023069.98,1023070.02,3.909800820598076e-06
2024-07-15T08:26:58+00:00,usd_mxn,17.6,17.61,0.05678591709254975
2024-07-15T08:26:58+00:00,btc_mxn,1023069.98,1023070.02,3.909800820598076e-06
2024-07-15T08:26:59+00:00,usd_mxn,17.6,17.61,0.05678591709254975
2024-07-15T08:26:59+00:00,btc_mxn,1023069.98,1023070.02,3.909800820598076e-06
2024-07-15T08:27:00+00:00,usd_mxn,17.6,17.61,0.05678591709254975
2024-07-15T08:27:00+00:00,btc_mxn,1023069.98,1023070.02,3.909800820598076e-06
2024-07-15T08:27:01+00:00,usd_mxn,17.6,17.61,0.05678591709254975
2024-07-15T08:27:01+00:00,btc_mxn,1023069.98,1023070.02,3.909800820598076e-06
2024-07-15T08:27:02+00:00,usd_mxn,17.6,17.61,0.05678591709254975
2024-07-15T08:27:02+00:00,btc_mxn,1023069.98,1023070.02,3.909800820598076e-06
2024-07-15T08:27:03+00:00,usd_mxn,17.6,17.61,0.05678591709254975
2024-07-15T08:27:03+00:00,btc_mxn,1023069.98,1023070.02,3.909800820598076e-06
2024-07-15T08:27:05+00:00,usd_mxn,17.6,17.61,0.05678591709254975
2024-07-15T08:27:05+00:00,btc_mxn,1023069.98,1023070.02,3.909800820598076e-06
2024-07-15T08:27:06+00:00,usd_mxn,17.6,17.61,0.05678591709254975
2024-07-15T08:27:06+00:00,btc_mxn,1023069.98,1023070.02,3.909800820598076e-06
2024-07-15T08:27:07+00:00,usd_mxn,17.6,17.61,0.05678591709254975
2024-07-15T08:27:07+00:00,btc_mxn,1023069.98,1023070.02,3.909800820598076e-06
2024-07-15T08:27:08+00:00,usd_mxn,17.6,17.61,0.05678591709254975
2024-07-15T08:27:08+00:00,btc_mxn,1023069.98,1023070.02,3.909800820598076e-06
2024-07-15T08:27:09+00:00,usd_mxn,17.6,17.61,0.05678591709254975
2024-07-15T08:27:09+00:00,btc_mxn,1023069.98,1023070.02,3.909800820598076e-06
2024-07-15T08:27:11+00:00,usd_mxn,17.6,17.61,0.05678591709254975
2024-07-15T08:27:11+00:00,btc_mxn,1023069.98,1023070.02,3.909800820598076e-06
2024-07-15T08:27:12+00:00,usd_mxn,17.6,17.61,0.05678591709254975
2024-07-15T08:27:12+00:00,btc_mxn,1023069.98,1023070.02,3.909800820598076e-06
2024-07-15T08:27:13+00:00,usd_mxn,17.6,17.61,0.05678591709254975
2024-07-15T08:27:14+00:00,usd_mxn,17.6,17.61,0.05678591709254975
2024-07-15T08:27:13+00:00,btc_mxn,1023069.98,1023070.02,3.909800820598076e-06
2024-07-15T08:27:16+00:00,usd_mxn,17.6,17.61,0.05678591709254975
2024-07-15T08:27:14+00:00,btc_mxn,1023069.98,1023070.02,3.909800820598076e-06
2024-07-15T08:27:15+00:00,btc_mxn,1023069.98,1023070.02,3.909800820598076e-06
2024-07-15T08:27:16+00:00,btc_mxn,1023069.98,1023070.02,3.909800820598076e-06
2024-07-15T08:27:18+00:00,usd_mxn,17.6,17.61,0.05678591709254975
2024-07-15T08:27:18+00:00,btc_mxn,1023069.98,1023070.02,3.909800820598076e-06
2024-07-15T08:27:19+00:00,usd_mxn,17.6,17.61,0.05678591709254975
2024-07-15T08:27:17+00:00,btc_mxn,1023069.98,1023070.02,3.909800820598076e-06
2024-07-15T08:27:19+00:00,btc_mxn,1023069.98,1023070.02,3.909800820598076e-06
2024-07-15T08:27:20+00:00,usd_mxn,17.6,17.61,0.05678591709254975
2024-07-15T08:27:20+00:00,btc_mxn,1023069.98,1023070.02,3.909800820598076e-06
2024-07-15T08:27:21+00:00,usd_mxn,17.6,17.61,0.05678591709254975
2024-07-15T08:27:21+00:00,btc_mxn,1023069.98,1023070.02,3.909800820598076e-06
2024-07-15T08:27:22+00:00,usd_mxn,17.6,17.61,0.05678591709254975
2024-07-15T08:27:22+00:00,btc_mxn,1023069.98,1023070.02,3.909800820598076e-06
2024-07-15T08:27:23+00:00,usd_mxn,17.6,17.61,0.05678591709254975
2024-07-15T08:27:23+00:00,btc_mxn,1023069.98,1023070.02,3.909800820598076e-06
2024-07-15T08:27:24+00:00,usd_mxn,17.6,17.61,0.05678591709254975
2024-07-15T08:27:26+00:00,usd_mxn,17.6,17.61,0.05678591709254975
2024-07-15T08:27:25+00:00,btc_mxn,1023069.98,1023070.02,3.909800820598076e-06
2024-07-15T08:27:25+00:00,usd_mxn,17.6,17.61,0.05678591709254975
2024-07-15T08:27:27+00:00,usd_mxn,17.6,17.61,0.05678591709254975
2024-07-15T08:27:26+00:00,btc_mxn,1023069.98,1023070.02,3.909800820598076e-06
2024-07-15T08:27:28+00:00,usd_mxn,17.6,17.61,0.05678591709254975
2024-07-15T08:27:27+00:00,btc_mxn,1023069.98,1023070.02,3.909800820598076e-06
2024-07-15T08:27:29+00:00,usd_mxn,17.6,17.61,0.05678591709254975
2024-07-15T08:27:28+00:00,btc_mxn,1023069.98,1023070.02,3.909800820598076e-06
2024-07-15T08:27:30+00:00,usd_mxn,17.6,17.61,0.05678591709254975
2024-07-15T08:27:29+00:00,btc_mxn,1023069.98,1023070.02,3.909800820598076e-06
2024-07-15T08:27:31+00:00,usd_mxn,17.6,17.61,0.05678591709254975
2024-07-15T08:27:30+00:00,btc_mxn,1023069.98,1023070.02,3.909800820598076e-06
2024-07-15T08:27:33+00:00,usd_mxn,17.6,17.61,0.05678591709254975
2024-07-15T08:27:31+00:00,btc_mxn,1023069.98,1023070.02,3.909800820598076e-06
2024-07-15T08:27:34+00:00,usd_mxn,17.6,17.61,0.05678591709254975
2024-07-15T08:27:33+00:00,btc_mxn,1023069.98,1023070.02,3.909800820598076e-06
2024-07-15T08:27:35+00:00,usd_mxn,17.6,17.61,0.05678591709254975
2024-07-15T08:27:34+00:00,btc_mxn,1023069.98,1023070.02,3.909800820598076e-06
2024-07-15T08:27:36+00:00,usd_mxn,17.6,17.61,0.05678591709254975
2024-07-15T08:27:35+00:00,btc_mxn,1023069.98,1023070.02,3.909800820598076e-06
2024-07-15T08:27:37+00:00,usd_mxn,17.6,17.61,0.05678591709254975
2024-07-15T08:27:36+00:00,btc_mxn,1023069.98,1023070.02,3.909800820598076e-06
2024-07-15T08:27:38+00:00,usd_mxn,17.6,17.61,0.05678591709254975
2024-07-15T08:27:37+00:00,btc_mxn,1023069.98,1023070.02,3.909800820598076e-06
2024-07-15T08:27:39+00:00,usd_mxn,17.6,17.61,0.05678591709254975
2024-07-15T08:27:38+00:00,btc_mxn,1023069.98,1023070.02,3.909800820598076e-06
2024-07-15T08:27:41+00:00,usd_mxn,17.6,17.61,0.05678591709254975
2024-07-15T08:27:40+00:00,btc_mxn,1023069.98,1023070.02,3.909800820598076e-06
2024-07-15T08:27:39+00:00,btc_mxn,1023069.98,1023070.02,3.909800820598076e-06
2024-07-15T08:27:42+00:00,usd_mxn,17.6,17.61,0.05678591709254975
2024-07-15T08:27:40+00:00,usd_mxn,17.6,17.61,0.05678591709254975
2024-07-15T08:27:41+00:00,btc_mxn,1023069.98,1023070.02,3.909800820598076e-06
2024-07-15T08:27:43+00:00,usd_mxn,17.6,17.61,0.05678591709254975
2024-07-15T08:27:42+00:00,btc_mxn,1023069.98,1023070.02,3.909800820598076e-06
2024-07-15T08:27:44+00:00,usd_mxn,17.6,17.61,0.05678591709254975
2024-07-15T08:27:43+00:00,btc_mxn,1023069.98,1023070.02,3.909800820598076e-06
2024-07-15T08:27:45+00:00,usd_mxn,17.6,17.61,0.05678591709254975
2024-07-15T08:27:44+00:00,btc_mxn,1023069.98,1023070.02,3.909800820598076e-06
2024-07-15T08:27:46+00:00,usd_mxn,17.6,17.61,0.05678591709254975
2024-07-15T08:27:45+00:00,btc_mxn,1023069.98,1023070.02,3.909800820598076e-06
2024-07-15T08:27:48+00:00,usd_mxn,17.6,17.61,0.05678591709254975
2024-07-15T08:27:46+00:00,btc_mxn,1023069.98,1023070.02,3.909800820598076e-06
2024-07-15T08:27:49+00:00,usd_mxn,17.6,17.61,0.05678591709254975
2024-07-15T08:27:48+00:00,btc_mxn,1023069.98,1023070.02,3.909800820598076e-06
2024-07-15T08:27:50+00:00,usd_mxn,17.6,17.61,0.05678591709254975
2024-07-15T08:27:49+00:00,btc_mxn,1023069.98,1023070.02,3.909800820598076e-06
2024-07-15T08:27:51+00:00,usd_mxn,17.6,17.61,0.05678591709254975
2024-07-15T08:27:50+00:00,btc_mxn,1023069.98,1023070.02,3.909800820598076e-06
2024-07-15T08:27:52+00:00,usd_mxn,17.6,17.61,0.05678591709254975
2024-07-15T08:27:51+00:00,btc_mxn,1023069.98,1023070.02,3.909800820598076e-06
2024-07-15T08:27:53+00:00,usd_mxn,17.6,17.61,0.05678591709254975
2024-07-15T08:27:52+00:00,btc_mxn,1023069.98,1023070.02,3.909800820598076e-06
2024-07-15T08:27:54+00:00,usd_mxn,17.6,17.61,0.05678591709254975
2024-07-15T08:27:53+00:00,btc_mxn,1023069.98,1023070.02,3.909800820598076e-06
2024-07-15T08:27:56+00:00,usd_mxn,17.6,17.61,0.05678591709254975
2024-07-15T08:27:54+00:00,btc_mxn,1023069.98,1023070.02,3.909800820598076e-06
2024-07-15T08:27:55+00:00,btc_mxn,1023069.98,1023070.02,3.909800820598076e-06
2024-07-15T08:27:57+00:00,usd_mxn,17.6,17.61,0.05678591709254975
2024-07-15T08:27:56+00:00,btc_mxn,1023069.98,1023070.02,3.909800820598076e-06
2024-07-15T08:27:55+00:00,usd_mxn,17.6,17.61,0.05678591709254975
2024-07-15T08:27:58+00:00,usd_mxn,17.6,17.61,0.05678591709254975
2024-07-15T08:27:57+00:00,btc_mxn,1023069.98,1023070.02,3.909800820598076e-06
2024-07-15T08:27:59+00:00,usd_mxn,17.6,17.61,0.05678591709254975
2024-07-15T08:27:58+00:00,btc_mxn,1023069.98,1023070.02,3.909800820598076e-06
2024-07-15T08:28:00+00:00,usd_mxn,17.6,17.61,0.05678591709254975
2024-07-15T08:27:59+00:00,btc_mxn,1023069.98,1023070.02,3.909800820598076e-06
2024-07-15T08:28:02+00:00,usd_mxn,17.6,17.61,0.05678591709254975
2024-07-15T08:28:00+00:00,btc_mxn,1023069.98,1023070.02,3.909800820598076e-06
2024-07-15T08:28:03+00:00,usd_mxn,17.6,17.61,0.05678591709254975
2024-07-15T08:28:02+00:00,btc_mxn,1023069.98,1023070.02,3.909800820598076e-06
2024-07-15T08:28:04+00:00,usd_mxn,17.6,17.61,0.05678591709254975
2024-07-15T08:28:03+00:00,btc_mxn,1023069.98,1023070.02,3.909800820598076e-06
2024-07-15T08:28:04+00:00,btc_mxn,1023069.98,1023070.02,3.909800820598076e-06
2024-07-15T08:28:05+00:00,usd_mxn,17.6,17.61,0.05678591709254975
2024-07-15T08:28:05+00:00,btc_mxn,1023069.98,1023070.02,3.909800820598076e-06
2024-07-15T08:28:06+00:00,usd_mxn,17.6,17.61,0.05678591709254975
2024-07-15T08:28:06+00:00,btc_mxn,1023069.98,1023070.02,3.909800820598076e-06
2024-07-15T08:28:07+00:00,usd_mxn,17.6,17.61,0.05678591709254975
2024-07-15T08:28:07+00:00,btc_mxn,1023069.98,1023070.02,3.909800820598076e-06
2024-07-15T08:28:09+00:00,usd_mxn,17.6,17.61,0.05678591709254975
2024-07-15T08:28:09+00:00,btc_mxn,1023069.98,1023070.02,3.909800820598076e-06
2024-07-15T08:28:10+00:00,usd_mxn,17.6,17.61,0.05678591709254975
2024-07-15T08:28:10+00:00,btc_mxn,1023069.98,1023070.02,3.909800820598076e-06
2024-07-15T08:28:11+00:00,usd_mxn,17.6,17.61,0.05678591709254975
2024-07-15T08:28:11+00:00,btc_mxn,1023069.98,1023070.02,3.909800820598076e-06
2024-07-15T08:28:12+00:00,usd_mxn,17.6,17.61,0.05678591709254975
2024-07-15T08:28:12+00:00,btc_mxn,1023069.98,1023070.02,3.909800820598076e-06
2024-07-15T08:28:13+00:00,usd_mxn,17.6,17.61,0.05678591709254975
2024-07-15T08:28:13+00:00,btc_mxn,1023069.98,1023070.02,3.909800820598076e-06
2024-07-15T08:28:14+00:00,usd_mxn,17.6,17.61,0.05678591709254975
2024-07-15T08:28:14+00:00,btc_mxn,1023069.98,1023070.02,3.909800820598076e-06
2024-07-15T08:28:16+00:00,usd_mxn,17.6,17.61,0.05678591709254975
2024-07-15T08:28:16+00:00,btc_mxn,1023069.98,1023070.02,3.909800820598076e-06
2024-07-15T08:28:17+00:00,usd_mxn,17.6,17.61,0.05678591709254975
2024-07-15T08:28:15+00:00,btc_mxn,1023069.98,1023070.02,3.909800820598076e-06
2024-07-15T08:28:17+00:00,btc_mxn,1023069.98,1023070.02,3.909800820598076e-06
2024-07-15T08:28:18+00:00,usd_mxn,17.6,17.61,0.05678591709254975
2024-07-15T08:28:18+00:00,btc_mxn,1023069.98,1023070.02,3.909800820598076e-06
2024-07-15T08:28:19+00:00,usd_mxn,17.6,17.61,0.05678591709254975
2024-07-15T08:28:20+00:00,usd_mxn,17.6,17.61,0.05678591709254975
2024-07-15T08:28:19+00:00,btc_mxn,1023069.98,1023070.02,3.909800820598076e-06
2024-07-15T08:28:21+00:00,usd_mxn,17.6,17.61,0.05678591709254975
2024-07-15T08:28:20+00:00,btc_mxn,1023069.98,1023070.02,3.909800820598076e-06
2024-07-15T08:28:22+00:00,usd_mxn,17.6,17.61,0.05678591709254975
2024-07-15T08:28:21+00:00,btc_mxn,1023069.98,1023070.02,3.909800820598076e-06
2024-07-15T08:28:24+00:00,usd_mxn,17.6,17.61,0.05678591709254975
2024-07-15T08:28:22+00:00,btc_mxn,1023069.98,1023070.02,3.909800820598076e-06
2024-07-15T08:28:25+00:00,usd_mxn,17.6,17.61,0.05678591709254975
2024-07-15T08:28:24+00:00,btc_mxn,1023069.98,1023070.02,3.909800820598076e-06
2024-07-15T08:28:26+00:00,usd_mxn,17.6,17.61,0.05678591709254975
2024-07-15T08:28:25+00:00,btc_mxn,1023069.98,1023070.02,3.909800820598076e-06
2024-07-15T08:28:27+00:00,usd_mxn,17.6,17.61,0.05678591709254975
2024-07-15T08:28:26+00:00,btc_mxn,1023069.98,1023070.02,3.909800820598076e-06
2024-07-15T08:28:28+00:00,usd_mxn,17.6,17.61,0.05678591709254975
2024-07-15T08:28:27+00:00,btc_mxn,1023069.98,1023070.02,3.909800820598076e-06
2024-07-15T08:28:29+00:00,usd_mxn,17.6,17.61,0.05678591709254975
2024-07-15T08:28:28+00:00,btc_mxn,1023069.98,1023070.02,3.909800820598076e-06
2024-07-15T08:28:31+00:00,usd_mxn,17.6,17.61,0.05678591709254975
2024-07-15T08:28:29+00:00,btc_mxn,1023069.98,1023070.02,3.909800820598076e-06
2024-07-15T08:28:32+00:00,usd_mxn,17.6,17.61,0.05678591709254975
2024-07-15T08:28:31+00:00,btc_mxn,1023069.98,1023070.02,3.909800820598076e-06
2024-07-15T08:28:32+00:00,btc_mxn,1023069.98,1023070.02,3.909800820598076e-06
2024-07-15T08:28:33+00:00,usd_mxn,17.6,17.61,0.05678591709254975
2024-07-15T08:28:33+00:00,btc_mxn,1023069.98,1023070.02,3.909800820598076e-06
2024-07-15T08:28:34+00:00,usd_mxn,17.6,17.61,0.05678591709254975
2024-07-15T08:28:34+00:00,btc_mxn,1023069.98,1023070.02,3.909800820598076e-06
2024-07-15T08:28:35+00:00,usd_mxn,17.6,17.61,0.05678591709254975
2024-07-15T08:28:35+00:00,btc_mxn,1023069.98,1023070.02,3.909800820598076e-06
2024-07-15T08:28:36+00:00,usd_mxn,17.6,17.61,0.05678591709254975
2024-07-15T08:28:36+00:00,btc_mxn,1023069.98,1023070.02,3.909800820598076e-06
2024-07-15T08:28:37+00:00,usd_mxn,17.6,17.61,0.05678591709254975
2024-07-15T08:28:37+00:00,btc_mxn,1023069.98,1023070.02,3.909800820598076e-06
2024-07-15T08:28:39+00:00,usd_mxn,17.6,17.61,0.05678591709254975
2024-07-15T08:28:39+00:00,btc_mxn,1023069.98,1023070.02,3.909800820598076e-06
2024-07-15T08:28:40+00:00,usd_mxn,17.6,17.61,0.05678591709254975
2024-07-15T08:28:40+00:00,btc_mxn,1023069.98,1023070.02,3.909800820598076e-06
2024-07-15T08:28:41+00:00,usd_mxn,17.6,17.61,0.05678591709254975
2024-07-15T08:28:41+00:00,btc_mxn,1023069.98,1023070.02,3.909800820598076e-06
2024-07-15T08:28:42+00:00,usd_mxn,17.6,17.61,0.05678591709254975
2024-07-15T08:28:42+00:00,btc_mxn,1023069.98,1023070.02,3.909800820598076e-06
2024-07-15T08:28:43+00:00,usd_mxn,17.6,17.61,0.05678591709254975
2024-07-15T08:28:43+00:00,btc_mxn,1023069.98,1023070.02,3.909800820598076e-06
2024-07-15T08:28:44+00:00,usd_mxn,17.6,17.61,0.05678591709254975
2024-07-15T08:28:44+00:00,btc_mxn,1023069.98,1023070.02,3.909800820598076e-06
2024-07-15T08:28:46+00:00,usd_mxn,17.6,17.61,0.05678591709254975
2024-07-15T08:28:46+00:00,btc_mxn,1023069.98,1023070.02,3.909800820598076e-06
2024-07-15T08:28:47+00:00,usd_mxn,17.6,17.61,0.05678591709254975
2024-07-15T08:28:47+00:00,btc_mxn,1023069.98,1023070.02,3.909800820598076e-06
2024-07-15T08:28:48+00:00,usd_mxn,17.6,17.61,0.05678591709254975
2024-07-15T08:28:48+00:00,btc_mxn,1023069.98,1023070.02,3.909800820598076e-06
2024-07-15T08:28:49+00:00,usd_mxn,17.6,17.61,0.05678591709254975
2024-07-15T08:28:49+00:00,btc_mxn,1023069.98,1023070.02,3.909800820598076e-06
2024-07-15T08:28:50+00:00,usd_mxn,17.6,17.61,0.05678591709254975
2024-07-15T08:28:50+00:00,btc_mxn,1023069.98,1023070.02,3.909800820598076e-06
2024-07-15T08:28:51+00:00,usd_mxn,17.6,17.61,0.05678591709254975
2024-07-15T08:28:51+00:00,btc_mxn,1023069.98,1023070.02,3.909800820598076e-06
2024-07-15T08:28:53+00:00,usd_mxn,17.6,17.61,0.05678591709254975
2024-07-15T08:28:52+00:00,btc_mxn,1023069.98,1023070.02,3.909800820598076e-06
2024-07-15T08:28:52+00:00,usd_mxn,17.6,17.61,0.05678591709254975
2024-07-15T08:28:54+00:00,usd_mxn,17.6,17.61,0.05678591709254975
2024-07-15T08:28:54+00:00,btc_mxn,1023069.98,1023070.02,3.909800820598076e-06
2024-07-15T08:28:55+00:00,usd_mxn,17.6,17.61,0.05678591709254975
2024-07-15T08:28:55+00:00,btc_mxn,1023069.98,1023070.02,3.909800820598076e-06
2024-07-15T08:28:56+00:00,usd_mxn,17.6,17.61,0.05678591709254975
2024-07-15T08:28:56+00:00,btc_mxn,1023069.98,1023070.02,3.909800820598076e-06
2024-07-15T08:28:57+00:00,usd_mxn,17.6,17.61,0.05678591709254975
2024-07-15T08:28:57+00:00,btc_mxn,1023069.98,1023070.02,3.909800820598076e-06
2024-07-15T08:28:58+00:00,usd_mxn,17.6,17.61,0.05678591709254975
2024-07-15T08:28:58+00:00,btc_mxn,1023069.98,1023070.02,3.909800820598076e-06
2024-07-15T08:28:59+00:00,usd_mxn,17.6,17.61,0.05678591709254975
2024-07-15T08:28:59+00:00,btc_mxn,1023069.98,1023070.02,3.909800820598076e-06
2024-07-15T08:29:01+00:00,usd_mxn,17.6,17.61,0.05678591709254975
2024-07-15T08:29:01+00:00,btc_mxn,1023069.98,1023070.02,3.909800820598076e-06
2024-07-15T08:29:02+00:00,usd_mxn,17.6,17.61,0.05678591709254975
2024-07-15T08:29:02+00:00,btc_mxn,1023069.98,1023070.02,3.909800820598076e-06
2024-07-15T08:29:03+00:00,usd_mxn,17.6,17.61,0.05678591709254975
2024-07-15T08:29:03+00:00,btc_mxn,1023069.98,1023070.02,3.909800820598076e-06
2024-07-15T08:29:04+00:00,usd_mxn,17.6,17.61,0.05678591709254975
2024-07-15T08:29:04+00:00,btc_mxn,1023069.98,1023070.02,3.909800820598076e-06
2024-07-15T08:29:05+00:00,usd_mxn,17.6,17.61,0.05678591709254975
2024-07-15T08:29:05+00:00,btc_mxn,1023069.98,1023070.02,3.909800820598076e-06
2024-07-15T08:29:06+00:00,usd_mxn,17.6,17.61,0.05678591709254975
2024-07-15T08:29:06+00:00,btc_mxn,1023069.98,1023070.02,3.909800820598076e-06
2024-07-15T08:29:07+00:00,usd_mxn,17.6,17.61,0.05678591709254975
2024-07-15T08:29:08+00:00,btc_mxn,1023069.98,1023070.02,3.909800820598076e-06
2024-07-15T08:29:09+00:00,btc_mxn,1023069.98,1023070.02,3.909800820598076e-06
2024-07-15T08:29:09+00:00,usd_mxn,17.6,17.61,0.05678591709254975
2024-07-15T08:29:10+00:00,btc_mxn,1023069.98,1023070.02,3.909800820598076e-06
2024-07-15T08:29:10+00:00,usd_mxn,17.6,17.61,0.05678591709254975
2024-07-15T08:29:11+00:00,btc_mxn,1023069.98,1023070.02,3.909800820598076e-06
2024-07-15T08:29:11+00:00,usd_mxn,17.6,17.61,0.05678591709254975
2024-07-15T08:29:12+00:00,btc_mxn,1023069.98,1023070.02,3.909800820598076e-06
2024-07-15T08:29:12+00:00,usd_mxn,17.6,17.61,0.05678591709254975
2024-07-15T08:29:13+00:00,btc_mxn,1023069.98,1023070.02,3.909800820598076e-06
2024-07-15T08:29:13+00:00,usd_mxn,17.6,17.61,0.05678591709254975
2024-07-15T08:29:15+00:00,btc_mxn,1023069.98,1023070.02,3.909800820598076e-06
2024-07-15T08:29:15+00:00,usd_mxn,17.6,17.61,0.05678591709254975
2024-07-15T08:29:16+00:00,btc_mxn,1023069.98,1023070.02,3.909800820598076e-06
2024-07-15T08:29:16+00:00,usd_mxn,17.6,17.61,0.05678591709254975
2024-07-15T08:29:17+00:00,btc_mxn,1023069.98,1023070.02,3.909800820598076e-06
2024-07-15T08:29:17+00:00,usd_mxn,17.6,17.61,0.05678591709254975
2024-07-15T08:29:18+00:00,btc_mxn,1023069.98,1023070.02,3.909800820598076e-06
2024-07-15T08:29:18+00:00,usd_mxn,17.6,17.61,0.05678591709254975
2024-07-15T08:29:19+00:00,btc_mxn,1023069.98,1023070.02,3.909800820598076e-06
2024-07-15T08:29:19+00:00,usd_mxn,17.6,17.61,0.05678591709254975
2024-07-15T08:29:20+00:00,btc_mxn,1023069.98,1023070.02,3.909800820598076e-06
2024-07-15T08:29:20+00:00,usd_mxn,17.6,17.61,0.05678591709254975
2024-07-15T08:29:22+00:00,btc_mxn,1023069.98,1023070.02,3.909800820598076e-06
2024-07-15T08:29:22+00:00,usd_mxn,17.6,17.61,0.05678591709254975
2024-07-15T08:29:23+00:00,btc_mxn,1023069.98,1023070.02,3.909800820598076e-06
2024-07-15T08:29:23+00:00,usd_mxn,17.6,17.61,0.05678591709254975
2024-07-15T08:29:24+00:00,btc_mxn,1023069.98,1023070.02,3.909800820598076e-06
2024-07-15T08:29:24+00:00,usd_mxn,17.6,17.61,0.05678591709254975
2024-07-15T08:29:25+00:00,btc_mxn,1023069.98,1023070.02,3.909800820598076e-06
2024-07-15T08:29:25+00:00,usd_mxn,17.6,17.61,0.05678591709254975
2024-07-15T08:29:26+00:00,btc_mxn,1023069.98,1023070.02,3.909800820598076e-06
2024-07-15T08:29:26+00:00,usd_mxn,17.6,17.61,0.05678591709254975
2024-07-15T08:29:27+00:00,btc_mxn,1023069.98,1023070.02,3.909800820598076e-06
2024-07-15T08:29:27+00:00,usd_mxn,17.6,17.61,0.05678591709254975
2024-07-15T08:29:28+00:00,btc_mxn,1023069.98,1023070.02,3.909800820598076e-06
2024-07-15T08:29:28+00:00,usd_mxn,17.6,17.61,0.05678591709254975
2024-07-15T08:29:30+00:00,btc_mxn,1023069.98,1023070.02,3.909800820598076e-06
2024-07-15T08:29:30+00:00,usd_mxn,17.6,17.61,0.05678591709254975
2024-07-15T08:29:31+00:00,btc_mxn,1023069.98,1023070.02,3.909800820598076e-06
2024-07-15T08:29:31+00:00,usd_mxn,17.6,17.61,0.05678591709254975
2024-07-15T08:29:32+00:00,btc_mxn,1023069.98,1023070.02,3.909800820598076e-06
2024-07-15T08:29:32+00:00,usd_mxn,17.6,17.61,0.05678591709254975
2024-07-15T08:29:33+00:00,btc_mxn,1023069.98,1023070.02,3.909800820598076e-06
2024-07-15T08:29:33+00:00,usd_mxn,17.6,17.61,0.05678591709254975
2024-07-15T08:29:34+00:00,btc_mxn,1023069.98,1023070.02,3.909800820598076e-06
2024-07-15T08:29:34+00:00,usd_mxn,17.6,17.61,0.05678591709254975
2024-07-15T08:29:35+00:00,btc_mxn,1023069.98,1023070.02,3.909800820598076e-06
2024-07-15T08:29:35+00:00,usd_mxn,17.6,17.61,0.05678591709254975
2024-07-15T08:29:36+00:00,btc_mxn,1023069.98,1023070.02,3.909800820598076e-06
2024-07-15T08:29:36+00:00,usd_mxn,17.6,17.61,0.05678591709254975
2024-07-15T08:29:38+00:00,btc_mxn,1023069.98,1023070.02,3.909800820598076e-06
2024-07-15T08:29:38+00:00,usd_mxn,17.6,17.61,0.05678591709254975
2024-07-15T08:29:39+00:00,btc_mxn,1023069.98,1023070.02,3.909800820598076e-06
2024-07-15T08:29:39+00:00,usd_mxn,17.6,17.61,0.05678591709254975
2024-07-15T08:29:40+00:00,btc_mxn,1023069.98,1023070.02,3.909800820598076e-06
2024-07-15T08:29:40+00:00,usd_mxn,17.6,17.61,0.05678591709254975
2024-07-15T08:29:41+00:00,btc_mxn,1023069.98,1023070.02,3.909800820598076e-06
2024-07-15T08:29:41+00:00,usd_mxn,17.6,17.61,0.05678591709254975
2024-07-15T08:29:42+00:00,btc_mxn,1023069.98,1023070.02,3.909800820598076e-06
2024-07-15T08:29:42+00:00,usd_mxn,17.6,17.61,0.05678591709254975
2024-07-15T08:29:43+00:00,btc_mxn,1023069.98,1023070.02,3.909800820598076e-06
2024-07-15T08:29:43+00:00,usd_mxn,17.6,17.61,0.05678591709254975
2024-07-15T08:29:44+00:00,btc_mxn,1023069.98,1023070.02,3.909800820598076e-06
2024-07-15T08:29:45+00:00,usd_mxn,17.6,17.61,0.05678591709254975
2024-07-15T08:29:46+00:00,btc_mxn,1023069.98,1023070.02,3.909800820598076e-06
2024-07-15T08:29:45+00:00,btc_mxn,1023069.98,1023070.02,3.909800820598076e-06
2024-07-15T08:29:46+00:00,usd_mxn,17.6,17.61,0.05678591709254975
2024-07-15T08:29:47+00:00,btc_mxn,1023069.98,1023070.02,3.909800820598076e-06
2024-07-15T08:29:47+00:00,usd_mxn,17.6,17.61,0.05678591709254975
2024-07-15T08:29:48+00:00,btc_mxn,1023069.98,1023070.02,3.909800820598076e-06
2024-07-15T08:29:48+00:00,usd_mxn,17.6,17.61,0.05678591709254975
2024-07-15T08:29:49+00:00,btc_mxn,1023069.98,1023070.02,3.909800820598076e-06
2024-07-15T08:29:49+00:00,usd_mxn,17.6,17.61,0.05678591709254975
2024-07-15T08:29:50+00:00,btc_mxn,1023069.98,1023070.02,3.909800820598076e-06
2024-07-15T08:29:50+00:00,usd_mxn,17.6,17.61,0.05678591709254975
2024-07-15T08:29:51+00:00,btc_mxn,1023069.98,1023070.02,3.909800820598076e-06
2024-07-15T08:29:51+00:00,usd_mxn,17.6,17.61,0.05678591709254975
2024-07-15T08:29:53+00:00,btc_mxn,1023069.98,1023070.02,3.909800820598076e-06
2024-07-15T08:29:54+00:00,btc_mxn,1023069.98,1023070.02,3.909800820598076e-06
2024-07-15T08:29:53+00:00,usd_mxn,17.6,17.61,0.05678591709254975
2024-07-15T08:29:54+00:00,usd_mxn,17.6,17.61,0.05678591709254975
2024-07-15T08:29:55+00:00,btc_mxn,1023069.98,1023070.02,3.909800820598076e-06
2024-07-15T08:29:56+00:00,btc_mxn,1023069.98,1023070.02,3.909800820598076e-06
2024-07-15T08:29:55+00:00,usd_mxn,17.6,17.61,0.05678591709254975
2024-07-15T08:29:56+00:00,usd_mxn,17.6,17.61,0.05678591709254975
2024-07-15T08:29:57+00:00,btc_mxn,1023069.98,1023070.02,3.909800820598076e-06
2024-07-15T08:29:58+00:00,btc_mxn,1023069.98,1023070.02,3.909800820598076e-06
2024-07-15T08:29:57+00:00,usd_mxn,17.6,17.61,0.05678591709254975
2024-07-15T08:30:00+00:00,btc_mxn,1023069.98,1023070.02,3.909800820598076e-06
2024-07-15T08:29:58+00:00,usd_mxn,17.6,17.61,0.05678591709254975
2024-07-15T08:30:01+00:00,btc_mxn,1023069.98,1023070.02,3.909800820598076e-06
2024-07-15T08:30:00+00:00,usd_mxn,17.6,17.61,0.05678591709254975
2024-07-15T08:30:02+00:00,btc_mxn,1023069.98,1023070.02,3.909800820598076e-06
2024-07-15T08:30:01+00:00,usd_mxn,17.6,17.61,0.05678591709254975
2024-07-15T08:30:03+00:00,btc_mxn,1023069.98,1023070.02,3.909800820598076e-06
2024-07-15T08:30:02+00:00,usd_mxn,17.6,17.61,0.05678591709254975
2024-07-15T08:30:04+00:00,btc_mxn,1023069.98,1023070.02,3.909800820598076e-06
2024-07-15T08:30:03+00:00,usd_mxn,17.6,17.61,0.05678591709254975
2024-07-15T08:30:05+00:00,btc_mxn,1023069.98,1023070.02,3.909800820598076e-06
2024-07-15T08:30:04+00:00,usd_mxn,17.6,17.61,0.05678591709254975
2024-07-15T08:30:07+00:00,btc_mxn,1023069.98,1023070.02,3.909800820598076e-06
2024-07-15T08:30:05+00:00,usd_mxn,17.6,17.61,0.05678591709254975
2024-07-15T08:30:08+00:00,btc_mxn,1023069.98,1023070.02,3.909800820598076e-06
2024-07-15T08:30:07+00:00,usd_mxn,17.6,17.61,0.05678591709254975
2024-07-15T08:30:09+00:00,btc_mxn,1023069.98,1023070.02,3.909800820598076e-06
2024-07-15T08:30:08+00:00,usd_mxn,17.6,17.61,0.05678591709254975
2024-07-15T08:30:10+00:00,btc_mxn,1023069.98,1023070.02,3.909800820598076e-06
2024-07-15T08:30:09+00:00,usd_mxn,17.6,17.61,0.05678591709254975
2024-07-15T08:30:11+00:00,btc_mxn,1023069.98,1023070.02,3.909800820598076e-06
2024-07-15T08:30:10+00:00,usd_mxn,17.6,17.61,0.05678591709254975
2024-07-15T08:30:12+00:00,btc_mxn,1023069.98,1023070.02,3.909800820598076e-06
2024-07-15T08:30:11+00:00,usd_mxn,17.6,17.61,0.05678591709254975
2024-07-15T08:30:12+00:00,usd_mxn,17.6,17.61,0.05678591709254975
2024-07-15T08:30:14+00:00,btc_mxn,1023069.98,1023070.02,3.909800820598076e-06
2024-07-15T08:30:14+00:00,usd_mxn,17.6,17.61,0.05678591709254975
2024-07-15T08:30:15+00:00,btc_mxn,1023069.98,1023070.02,3.909800820598076e-06
2024-07-15T08:30:15+00:00,usd_mxn,17.6,17.61,0.05678591709254975
2024-07-15T08:30:16+00:00,btc_mxn,1023069.98,1023070.02,3.909800820598076e-06
2024-07-15T08:30:16+00:00,usd_mxn,17.6,17.61,0.05678591709254975
2024-07-15T08:30:17+00:00,btc_mxn,1023069.98,1023070.02,3.909800820598076e-06
2024-07-15T08:30:17+00:00,usd_mxn,17.6,17.61,0.05678591709254975
2024-07-15T08:30:18+00:00,btc_mxn,1023069.98,1023070.02,3.909800820598076e-06
2024-07-15T08:30:18+00:00,usd_mxn,17.6,17.61,0.05678591709254975
2024-07-15T08:30:19+00:00,btc_mxn,1023069.98,1023070.02,3.909800820598076e-06
2024-07-15T08:30:19+00:00,usd_mxn,17.6,17.61,0.05678591709254975
2024-07-15T08:30:21+00:00,btc_mxn,1023069.98,1023070.02,3.909800820598076e-06
2024-07-15T08:30:20+00:00,usd_mxn,17.6,17.61,0.05678591709254975
2024-07-15T08:30:22+00:00,btc_mxn,1023069.98,1023070.02,3.909800820598076e-06
2024-07-15T08:30:21+00:00,usd_mxn,17.6,17.61,0.05678591709254975
2024-07-15T08:30:22+00:00,usd_mxn,17.6,17.61,0.05678591709254975
2024-07-15T08:30:23+00:00,btc_mxn,1023069.98,1023070.02,3.909800820598076e-06
2024-07-15T08:30:23+00:00,usd_mxn,17.6,17.61,0.05678591709254975
2024-07-15T08:30:24+00:00,btc_mxn,1023069.98,1023070.02,3.909800820598076e-06
2024-07-15T08:30:24+00:00,usd_mxn,17.6,17.61,0.05678591709254975
2024-07-15T08:30:25+00:00,btc_mxn,1023069.98,1023070.02,3.909800820598076e-06
2024-07-15T08:30:26+00:00,btc_mxn,1023069.98,1023070.02,3.909800820598076e-06
2024-07-15T08:30:25+00:00,usd_mxn,17.6,17.61,0.05678591709254975
2024-07-15T08:30:26+00:00,usd_mxn,17.6,17.61,0.05678591709254975
2024-07-15T08:30:27+00:00,btc_mxn,1023069.98,1023070.02,3.909800820598076e-06
2024-07-15T08:30:28+00:00,btc_mxn,1023069.98,1023070.02,3.909800820598076e-06
2024-07-15T08:30:27+00:00,usd_mxn,17.6,17.61,0.05678591709254975
2024-07-15T08:30:29+00:00,btc_mxn,1023069.98,1023070.02,3.909800820598076e-06
2024-07-15T08:30:28+00:00,usd_mxn,17.6,17.61,0.05678591709254975
2024-07-15T08:30:29+00:00,usd_mxn,17.6,17.61,0.05678591709254975
2024-07-15T08:30:30+00:00,btc_mxn,1023069.98,1023070.02,3.909800820598076e-06
2024-07-15T08:30:30+00:00,usd_mxn,17.6,17.61,0.05678591709254975
2024-07-15T08:30:31+00:00,btc_mxn,1023069.98,1023070.02,3.909800820598076e-06
2024-07-15T08:30:32+00:00,btc_mxn,1023069.98,1023070.02,3.909800820598076e-06
2024-07-15T08:30:31+00:00,usd_mxn,17.6,17.61,0.05678591709254975
2024-07-15T08:30:33+00:00,btc_mxn,1023069.98,1023070.02,3.909800820598076e-06
2024-07-15T08:30:32+00:00,usd_mxn,17.6,17.61,0.05678591709254975
2024-07-15T08:30:34+00:00,btc_mxn,1023069.98,1023070.02,3.909800820598076e-06
2024-07-15T08:30:33+00:00,usd_mxn,17.6,17.61,0.05678591709254975
2024-07-15T08:30:36+00:00,btc_mxn,1023069.98,1023070.02,3.909800820598076e-06
2024-07-15T08:30:34+00:00,usd_mxn,17.6,17.61,0.05678591709254975
2024-07-15T08:30:37+00:00,btc_mxn,1023069.98,1023070.02,3.909800820598076e-06
2024-07-15T08:30:36+00:00,usd_mxn,17.6,17.61,0.05678591709254975
2024-07-15T08:30:38+00:00,btc_mxn,1023069.98,1023070.02,3.909800820598076e-06
2024-07-15T08:30:37+00:00,usd_mxn,17.6,17.61,0.05678591709254975
2024-07-15T08:30:39+00:00,btc_mxn,1023069.98,1023070.02,3.909800820598076e-06
2024-07-15T08:30:38+00:00,usd_mxn,17.6,17.61,0.05678591709254975
2024-07-15T08:30:40+00:00,btc_mxn,1023069.98,1023070.02,3.909800820598076e-06
2024-07-15T08:30:39+00:00,usd_mxn,17.6,17.61,0.05678591709254975
2024-07-15T08:30:41+00:00,btc_mxn,1023069.98,1023070.02,3.909800820598076e-06
2024-07-15T08:30:40+00:00,usd_mxn,17.6,17.61,0.05678591709254975
2024-07-15T08:30:43+00:00,btc_mxn,1023069.98,1023070.02,3.909800820598076e-06
2024-07-15T08:30:41+00:00,usd_mxn,17.6,17.61,0.05678591709254975
2024-07-15T08:30:44+00:00,btc_mxn,1023069.98,1023070.02,3.909800820598076e-06
2024-07-15T08:30:43+00:00,usd_mxn,17.6,17.61,0.05678591709254975
2024-07-15T08:30:45+00:00,btc_mxn,1023069.98,1023070.02,3.909800820598076e-06
2024-07-15T08:30:44+00:00,usd_mxn,17.6,17.61,0.05678591709254975
2024-07-15T08:30:46+00:00,btc_mxn,1023069.98,1023070.02,3.909800820598076e-06
2024-07-15T08:30:45+00:00,usd_mxn,17.6,17.61,0.05678591709254975
2024-07-15T08:30:47+00:00,btc_mxn,1023069.98,1023070.02,3.909800820598076e-06
2024-07-15T08:30:46+00:00,usd_mxn,17.6,17.61,0.05678591709254975
2024-07-15T08:30:48+00:00,btc_mxn,1023069.98,1023070.02,3.909800820598076e-06
2024-07-15T08:30:47+00:00,usd_mxn,17.6,17.61,0.05678591709254975
2024-07-15T08:30:49+00:00,btc_mxn,1023069.98,1023070.02,3.909800820598076e-06
2024-07-15T08:30:48+00:00,usd_mxn,17.6,17.61,0.05678591709254975
2024-07-15T08:30:51+00:00,btc_mxn,1023069.98,1023070.02,3.909800820598076e-06
2024-07-15T08:30:49+00:00,usd_mxn,17.6,17.61,0.05678591709254975
2024-07-15T08:30:52+00:00,btc_mxn,1023069.98,1023070.02,3.909800820598076e-06
2024-07-15T08:30:51+00:00,usd_mxn,17.6,17.61,0.05678591709254975
2024-07-15T08:30:53+00:00,btc_mxn,1023069.98,1023070.02,3.909800820598076e-06
2024-07-15T08:30:52+00:00,usd_mxn,17.6,17.61,0.05678591709254975
2024-07-15T08:30:54+00:00,btc_mxn,1023069.98,1023070.02,3.909800820598076e-06
2024-07-15T08:30:53+00:00,usd_mxn,17.6,17.61,0.05678591709254975
2024-07-15T08:30:55+00:00,btc_mxn,1023069.98,1023070.02,3.909800820598076e-06
2024-07-15T08:30:54+00:00,usd_mxn,17.6,17.61,0.05678591709254975
2024-07-15T08:30:56+00:00,btc_mxn,1023069.98,1023070.02,3.909800820598076e-06
2024-07-15T08:30:55+00:00,usd_mxn,17.6,17.61,0.05678591709254975
2024-07-15T08:30:58+00:00,btc_mxn,1023069.98,1023070.02,3.909800820598076e-06
2024-07-15T08:30:56+00:00,usd_mxn,17.6,17.61,0.05678591709254975
2024-07-15T08:30:59+00:00,btc_mxn,1023069.98,1023070.02,3.909800820598076e-06
2024-07-15T08:30:58+00:00,usd_mxn,17.6,17.61,0.05678591709254975
2024-07-15T08:31:00+00:00,btc_mxn,1023069.98,1023070.02,3.909800820598076e-06
2024-07-15T08:30:59+00:00,usd_mxn,17.6,17.61,0.05678591709254975
2024-07-15T08:31:01+00:00,btc_mxn,1023069.98,1023070.02,3.909800820598076e-06
2024-07-15T08:31:00+00:00,usd_mxn,17.6,17.61,0.05678591709254975
2024-07-15T08:31:02+00:00,btc_mxn,1023069.98,1023070.02,3.909800820598076e-06
2024-07-15T08:31:01+00:00,usd_mxn,17.6,17.61,0.05678591709254975
2024-07-15T08:31:03+00:00,btc_mxn,1023069.98,1023070.02,3.909800820598076e-06
2024-07-15T08:31:02+00:00,usd_mxn,17.6,17.61,0.05678591709254975
2024-07-15T08:31:05+00:00,btc_mxn,1023069.98,1023070.02,3.909800820598076e-06
2024-07-15T08:31:03+00:00,usd_mxn,17.6,17.61,0.05678591709254975
2024-07-15T08:31:06+00:00,btc_mxn,1023069.98,1023070.02,3.909800820598076e-06
2024-07-15T08:31:05+00:00,usd_mxn,17.6,17.61,0.05678591709254975
2024-07-15T08:31:07+00:00,btc_mxn,1023069.98,1023070.02,3.909800820598076e-06
2024-07-15T08:31:06+00:00,usd_mxn,17.6,17.61,0.05678591709254975
2024-07-15T08:31:08+00:00,btc_mxn,1023069.98,1023070.02,3.909800820598076e-06
2024-07-15T08:31:07+00:00,usd_mxn,17.6,17.61,0.05678591709254975
2024-07-15T08:31:09+00:00,btc_mxn,1023069.98,1023070.02,3.909800820598076e-06
2024-07-15T08:31:08+00:00,usd_mxn,17.6,17.61,0.05678591709254975
2024-07-15T08:31:10+00:00,btc_mxn,1023069.98,1023070.02,3.909800820598076e-06
2024-07-15T08:31:09+00:00,usd_mxn,17.6,17.61,0.05678591709254975
2024-07-15T08:31:11+00:00,btc_mxn,1023069.98,1023070.02,3.909800820598076e-06
2024-07-15T08:31:10+00:00,usd_mxn,17.6,17.61,0.05678591709254975
2024-07-15T08:31:13+00:00,btc_mxn,1023069.98,1023070.02,3.909800820598076e-06
2024-07-15T08:31:11+00:00,usd_mxn,17.6,17.61,0.05678591709254975
2024-07-15T08:31:14+00:00,btc_mxn,1023069.98,1023070.02,3.909800820598076e-06
2024-07-15T08:31:13+00:00,usd_mxn,17.6,17.61,0.05678591709254975
2024-07-15T08:31:15+00:00,btc_mxn,1023069.98,1023070.02,3.909800820598076e-06
2024-07-15T08:31:14+00:00,usd_mxn,17.6,17.61,0.05678591709254975
2024-07-15T08:31:16+00:00,btc_mxn,1023069.98,1023070.02,3.909800820598076e-06
2024-07-15T08:31:15+00:00,usd_mxn,17.6,17.61,0.05678591709254975
2024-07-15T08:31:17+00:00,btc_mxn,1023069.98,1023070.02,3.909800820598076e-06
2024-07-15T08:31:16+00:00,usd_mxn,17.6,17.61,0.05678591709254975
2024-07-15T08:31:18+00:00,btc_mxn,1023069.98,1023070.02,3.909800820598076e-06
2024-07-15T08:31:17+00:00,usd_mxn,17.6,17.61,0.05678591709254975
2024-07-15T08:31:20+00:00,btc_mxn,1023069.98,1023070.02,3.909800820598076e-06
2024-07-15T08:31:18+00:00,usd_mxn,17.6,17.61,0.05678591709254975
2024-07-15T08:31:19+00:00,usd_mxn,17.6,17.61,0.05678591709254975
2024-07-15T08:31:21+00:00,btc_mxn,1023069.98,1023070.02,3.909800820598076e-06
2024-07-15T08:31:20+00:00,usd_mxn,17.6,17.61,0.05678591709254975
2024-07-15T08:31:22+00:00,btc_mxn,1023069.98,1023070.02,3.909800820598076e-06
2024-07-15T08:31:21+00:00,usd_mxn,17.6,17.61,0.05678591709254975
2024-07-15T08:31:23+00:00,btc_mxn,1023069.98,1023070.02,3.909800820598076e-06
2024-07-15T08:31:22+00:00,usd_mxn,17.6,17.61,0.05678591709254975
2024-07-15T08:31:24+00:00,btc_mxn,1023069.98,1023070.02,3.909800820598076e-06
2024-07-15T08:31:23+00:00,usd_mxn,17.6,17.61,0.05678591709254975
2024-07-15T08:31:25+00:00,btc_mxn,1023069.98,1023070.02,3.909800820598076e-06
2024-07-15T08:31:24+00:00,usd_mxn,17.6,17.61,0.05678591709254975
2024-07-15T08:31:26+00:00,btc_mxn,1023069.98,1023070.02,3.909800820598076e-06
2024-07-15T08:31:25+00:00,usd_mxn,17.6,17.61,0.05678591709254975
2024-07-15T08:31:28+00:00,btc_mxn,1023069.98,1023070.02,3.909800820598076e-06
2024-07-15T08:31:26+00:00,usd_mxn,17.6,17.61,0.05678591709254975
2024-07-15T08:31:29+00:00,btc_mxn,1023069.98,1023070.02,3.909800820598076e-06
2024-07-15T08:31:28+00:00,usd_mxn,17.6,17.61,0.05678591709254975
2024-07-15T08:31:30+00:00,btc_mxn,1023069.98,1023070.02,3.909800820598076e-06
2024-07-15T08:31:29+00:00,usd_mxn,17.6,17.61,0.05678591709254975
2024-07-15T08:31:31+00:00,btc_mxn,1023069.98,1023070.02,3.909800820598076e-06
2024-07-15T08:31:30+00:00,usd_mxn,17.6,17.61,0.05678591709254975
2024-07-15T08:31:32+00:00,btc_mxn,1023069.98,1023070.02,3.909800820598076e-06
2024-07-15T08:31:31+00:00,usd_mxn,17.6,17.61,0.05678591709254975
2024-07-15T08:31:33+00:00,btc_mxn,1023069.98,1023070.02,3.909800820598076e-06
2024-07-15T08:31:32+00:00,usd_mxn,17.6,17.61,0.05678591709254975
2024-07-15T08:31:34+00:00,btc_mxn,1023069.98,1023070.02,3.909800820598076e-06
2024-07-15T08:31:33+00:00,usd_mxn,17.6,17.61,0.05678591709254975
2024-07-15T08:31:36+00:00,btc_mxn,1023069.98,1023070.02,3.909800820598076e-06
2024-07-15T08:31:35+00:00,usd_mxn,17.6,17.61,0.05678591709254975
2024-07-15T08:31:37+00:00,btc_mxn,1023069.98,1023070.02,3.909800820598076e-06
2024-07-15T08:31:36+00:00,usd_mxn,17.6,17.61,0.05678591709254975
2024-07-15T08:31:37+00:00,usd_mxn,17.6,17.61,0.05678591709254975
2024-07-15T08:31:38+00:00,btc_mxn,1023069.98,1023070.02,3.909800820598076e-06
2024-07-15T08:31:38+00:00,usd_mxn,17.6,17.61,0.05678591709254975
2024-07-15T08:31:39+00:00,btc_mxn,1023069.98,1023070.02,3.909800820598076e-06
2024-07-15T08:31:39+00:00,usd_mxn,17.6,17.61,0.05678591709254975
2024-07-15T08:31:40+00:00,btc_mxn,1023069.98,1023070.02,3.909800820598076e-06
2024-07-15T08:31:40+00:00,usd_mxn,17.6,17.61,0.05678591709254975
2024-07-15T08:31:41+00:00,btc_mxn,1023069.98,1023070.02,3.909800820598076e-06
2024-07-15T08:31:41+00:00,usd_mxn,17.6,17.61,0.05678591709254975
2024-07-15T08:31:43+00:00,btc_mxn,1023069.98,1023070.02,3.909800820598076e-06
2024-07-15T08:31:43+00:00,usd_mxn,17.6,17.61,0.05678591709254975
2024-07-15T08:31:44+00:00,btc_mxn,1023069.98,1023070.02,3.909800820598076e-06
2024-07-15T08:31:45+00:00,btc_mxn,1023069.98,1023070.02,3.909800820598076e-06
2024-07-15T08:31:44+00:00,usd_mxn,17.6,17.61,0.05678591709254975
2024-07-15T08:31:46+00:00,btc_mxn,1023069.98,1023070.02,3.909800820598076e-06
2024-07-15T08:31:45+00:00,usd_mxn,17.6,17.61,0.05678591709254975
2024-07-15T08:31:47+00:00,btc_mxn,1023069.98,1023070.02,3.909800820598076e-06
2024-07-15T08:31:46+00:00,usd_mxn,17.6,17.61,0.05678591709254975
2024-07-15T08:31:48+00:00,btc_mxn,1023069.98,1023070.02,3.909800820598076e-06
2024-07-15T08:31:47+00:00,usd_mxn,17.6,17.61,0.05678591709254975
2024-07-15T08:31:50+00:00,btc_mxn,1023069.98,1023070.02,3.909800820598076e-06
2024-07-15T08:31:48+00:00,usd_mxn,17.6,17.61,0.05678591709254975
2024-07-15T08:31:51+00:00,btc_mxn,1023069.98,1023070.02,3.909800820598076e-06
2024-07-15T08:31:50+00:00,usd_mxn,17.6,17.61,0.05678591709254975
2024-07-15T08:31:52+00:00,btc_mxn,1023069.98,1023070.02,3.909800820598076e-06
2024-07-15T08:31:51+00:00,usd_mxn,17.6,17.61,0.05678591709254975
2024-07-15T08:31:53+00:00,btc_mxn,1023069.98,1023070.02,3.909800820598076e-06
2024-07-15T08:31:52+00:00,usd_mxn,17.6,17.61,0.05678591709254975
2024-07-15T08:31:53+00:00,usd_mxn,17.6,17.61,0.05678591709254975
2024-07-15T08:31:54+00:00,btc_mxn,1023069.98,1023070.02,3.909800820598076e-06
2024-07-15T08:31:54+00:00,usd_mxn,17.6,17.61,0.05678591709254975
2024-07-15T08:31:55+00:00,btc_mxn,1023069.98,1023070.02,3.909800820598076e-06
2024-07-15T08:31:55+00:00,usd_mxn,17.6,17.61,0.05678591709254975
2024-07-15T08:31:56+00:00,btc_mxn,1023069.98,1023070.02,3.909800820598076e-06
2024-07-15T08:31:56+00:00,usd_mxn,17.6,17.61,0.05678591709254975
2024-07-15T08:31:58+00:00,btc_mxn,1023069.98,1023070.02,3.909800820598076e-06
2024-07-15T08:31:58+00:00,usd_mxn,17.6,17.61,0.05678591709254975
2024-07-15T08:31:59+00:00,btc_mxn,1023069.98,1023070.02,3.909800820598076e-06
2024-07-15T08:31:59+00:00,usd_mxn,17.6,17.61,0.05678591709254975
2024-07-15T08:32:00+00:00,btc_mxn,1023069.98,1023070.02,3.909800820598076e-06
2024-07-15T08:32:00+00:00,usd_mxn,17.6,17.61,0.05678591709254975
2024-07-15T08:32:01+00:00,btc_mxn,1023069.98,1023070.02,3.909800820598076e-06
2024-07-15T08:32:01+00:00,usd_mxn,17.6,17.61,0.05678591709254975
2024-07-15T08:32:02+00:00,btc_mxn,1023069.98,1023070.02,3.909800820598076e-06
2024-07-15T08:32:02+00:00,usd_mxn,17.6,17.61,0.05678591709254975
2024-07-15T08:32:03+00:00,btc_mxn,1023069.98,1023070.02,3.909800820598076e-06
2024-07-15T08:32:03+00:00,usd_mxn,17.6,17.61,0.05678591709254975
2024-07-15T08:32:05+00:00,btc_mxn,1023069.98,1023070.02,3.909800820598076e-06
2024-07-15T08:32:04+00:00,usd_mxn,17.6,17.61,0.05678591709254975
2024-07-15T08:32:06+00:00,btc_mxn,1023069.98,1023070.02,3.909800820598076e-06
2024-07-15T08:32:06+00:00,usd_mxn,17.6,17.61,0.05678591709254975
2024-07-15T08:32:07+00:00,btc_mxn,1023069.98,1023070.02,3.909800820598076e-06
2024-07-15T08:32:07+00:00,usd_mxn,17.6,17.61,0.05678591709254975
2024-07-15T08:32:08+00:00,btc_mxn,1023069.98,1023070.02,3.909800820598076e-06
2024-07-15T08:32:08+00:00,usd_mxn,17.6,17.61,0.05678591709254975
2024-07-15T08:32:09+00:00,btc_mxn,1023069.98,1023070.02,3.909800820598076e-06
2024-07-15T08:32:09+00:00,usd_mxn,17.6,17.61,0.05678591709254975
2024-07-15T08:32:10+00:00,btc_mxn,1023069.98,1023070.02,3.909800820598076e-06
2024-07-15T08:32:10+00:00,usd_mxn,17.6,17.61,0.05678591709254975
2024-07-15T08:32:11+00:00,btc_mxn,1023069.98,1023070.02,3.909800820598076e-06
2024-07-15T08:32:11+00:00,usd_mxn,17.6,17.61,0.05678591709254975
2024-07-15T08:32:13+00:00,btc_mxn,1023069.98,1023070.02,3.909800820598076e-06
2024-07-15T08:32:13+00:00,usd_mxn,17.6,17.61,0.05678591709254975
2024-07-15T08:32:14+00:00,btc_mxn,1023069.98,1023070.02,3.909800820598076e-06
2024-07-15T08:32:14+00:00,usd_mxn,17.6,17.61,0.05678591709254975
2024-07-15T08:32:15+00:00,btc_mxn,1023069.98,1023070.02,3.909800820598076e-06
2024-07-15T08:32:15+00:00,usd_mxn,17.6,17.61,0.05678591709254975
2024-07-15T08:32:16+00:00,btc_mxn,1023069.98,1023070.02,3.909800820598076e-06
2024-07-15T08:32:16+00:00,usd_mxn,17.6,17.61,0.05678591709254975
2024-07-15T08:32:17+00:00,btc_mxn,1023069.98,1023070.02,3.909800820598076e-06
2024-07-15T08:32:17+00:00,usd_mxn,17.6,17.61,0.05678591709254975
2024-07-15T08:32:18+00:00,btc_mxn,1023069.98,1023070.02,3.909800820598076e-06
2024-07-15T08:32:18+00:00,usd_mxn,17.6,17.61,0.05678591709254975
2024-07-15T08:32:20+00:00,btc_mxn,1023069.98,1023070.02,3.909800820598076e-06
2024-07-15T08:32:20+00:00,usd_mxn,17.6,17.61,0.05678591709254975
2024-07-15T08:32:21+00:00,btc_mxn,1023069.98,1023070.02,3.909800820598076e-06
2024-07-15T08:32:21+00:00,usd_mxn,17.6,17.61,0.05678591709254975
2024-07-15T08:32:22+00:00,btc_mxn,1023069.98,1023070.02,3.909800820598076e-06
2024-07-15T08:32:22+00:00,usd_mxn,17.6,17.61,0.05678591709254975
2024-07-15T08:32:23+00:00,btc_mxn,1023069.98,1023070.02,3.909800820598076e-06
2024-07-15T08:32:23+00:00,usd_mxn,17.6,17.61,0.05678591709254975
2024-07-15T08:32:24+00:00,btc_mxn,1023069.98,1023070.02,3.909800820598076e-06
2024-07-15T08:32:24+00:00,usd_mxn,17.6,17.61,0.05678591709254975
2024-07-15T08:32:25+00:00,btc_mxn,1023069.98,1023070.02,3.909800820598076e-06
2024-07-15T08:32:25+00:00,usd_mxn,17.6,17.61,0.05678591709254975
2024-07-15T08:32:27+00:00,btc_mxn,1023069.98,1023070.02,3.909800820598076e-06
2024-07-15T08:32:27+00:00,usd_mxn,17.6,17.61,0.05678591709254975
2024-07-15T08:32:28+00:00,btc_mxn,1023069.98,1023070.02,3.909800820598076e-06
2024-07-15T08:32:28+00:00,usd_mxn,17.6,17.61,0.05678591709254975
2024-07-15T08:32:29+00:00,btc_mxn,1023069.98,1023070.02,3.909800820598076e-06
2024-07-15T08:32:29+00:00,usd_mxn,17.6,17.61,0.05678591709254975
2024-07-15T08:32:30+00:00,btc_mxn,1023069.98,1023070.02,3.909800820598076e-06
2024-07-15T08:32:30+00:00,usd_mxn,17.6,17.61,0.05678591709254975
2024-07-15T08:32:31+00:00,btc_mxn,1023069.98,1023070.02,3.909800820598076e-06
2024-07-15T08:32:31+00:00,usd_mxn,17.6,17.61,0.05678591709254975
2024-07-15T08:32:32+00:00,btc_mxn,1023069.98,1023070.02,3.909800820598076e-06
2024-07-15T08:32:32+00:00,usd_mxn,17.6,17.61,0.05678591709254975
2024-07-15T08:32:33+00:00,btc_mxn,1023069.98,1023070.02,3.909800820598076e-06
2024-07-15T08:32:33+00:00,usd_mxn,17.6,17.61,0.05678591709254975
2024-07-15T08:32:35+00:00,btc_mxn,1023069.98,1023070.02,3.909800820598076e-06
2024-07-15T08:32:35+00:00,usd_mxn,17.6,17.61,0.05678591709254975
2024-07-15T08:32:36+00:00,btc_mxn,1023069.98,1023070.02,3.909800820598076e-06
2024-07-15T08:32:36+00:00,usd_mxn,17.6,17.61,0.05678591709254975
2024-07-15T08:32:37+00:00,btc_mxn,1023069.98,1023070.02,3.909800820598076e-06
2024-07-15T08:32:37+00:00,usd_mxn,17.6,17.61,0.05678591709254975
2024-07-15T08:32:38+00:00,btc_mxn,1023069.98,1023070.02,3.909800820598076e-06
2024-07-15T08:32:38+00:00,usd_mxn,17.6,17.61,0.05678591709254975
2024-07-15T08:32:39+00:00,btc_mxn,1023069.98,1023070.02,3.909800820598076e-06
2024-07-15T08:32:39+00:00,usd_mxn,17.6,17.61,0.05678591709254975
2024-07-15T08:32:40+00:00,btc_mxn,1023069.98,1023070.02,3.909800820598076e-06
2024-07-15T08:32:40+00:00,usd_mxn,17.6,17.61,0.05678591709254975
2024-07-15T08:32:42+00:00,btc_mxn,1023069.98,1023070.02,3.909800820598076e-06
2024-07-15T08:32:42+00:00,usd_mxn,17.6,17.61,0.05678591709254975
2024-07-15T08:32:43+00:00,btc_mxn,1023069.98,1023070.02,3.909800820598076e-06
2024-07-15T08:32:43+00:00,usd_mxn,17.6,17.61,0.05678591709254975
2024-07-15T08:32:44+00:00,btc_mxn,1023069.98,1023070.02,3.909800820598076e-06
2024-07-15T08:32:44+00:00,usd_mxn,17.6,17.61,0.05678591709254975
2024-07-15T08:32:45+00:00,btc_mxn,1023069.98,1023070.02,3.909800820598076e-06
2024-07-15T08:32:46+00:00,btc_mxn,1023069.98,1023070.02,3.909800820598076e-06
2024-07-15T08:32:45+00:00,usd_mxn,17.6,17.61,0.05678591709254975
2024-07-15T08:32:47+00:00,btc_mxn,1023069.98,1023070.02,3.909800820598076e-06
2024-07-15T08:32:46+00:00,usd_mxn,17.6,17.61,0.05678591709254975
2024-07-15T08:32:49+00:00,btc_mxn,1023069.98,1023070.02,3.909800820598076e-06
2024-07-15T08:32:47+00:00,usd_mxn,17.6,17.61,0.05678591709254975
2024-07-15T08:32:50+00:00,btc_mxn,1023069.98,1023070.02,3.909800820598076e-06
2024-07-15T08:32:48+00:00,usd_mxn,17.6,17.61,0.05678591709254975
2024-07-15T08:32:49+00:00,usd_mxn,17.6,17.61,0.05678591709254975
2024-07-15T08:32:51+00:00,btc_mxn,1023069.98,1023070.02,3.909800820598076e-06
2024-07-15T08:32:50+00:00,usd_mxn,17.6,17.61,0.05678591709254975
2024-07-15T08:32:52+00:00,btc_mxn,1023069.98,1023070.02,3.909800820598076e-06
2024-07-15T08:32:51+00:00,usd_mxn,17.6,17.61,0.05678591709254975
2024-07-15T08:32:53+00:00,btc_mxn,1023069.98,1023070.02,3.909800820598076e-06
2024-07-15T08:32:52+00:00,usd_mxn,17.6,17.61,0.05678591709254975
2024-07-15T08:32:54+00:00,btc_mxn,1023069.98,1023070.02,3.909800820598076e-06
2024-07-15T08:32:53+00:00,usd_mxn,17.6,17.61,0.05678591709254975
2024-07-15T08:32:55+00:00,btc_mxn,1023069.98,1023070.02,3.909800820598076e-06
2024-07-15T08:32:54+00:00,usd_mxn,17.6,17.61,0.05678591709254975
2024-07-15T08:32:57+00:00,btc_mxn,1023069.98,1023070.02,3.909800820598076e-06
2024-07-15T08:32:55+00:00,usd_mxn,17.6,17.61,0.05678591709254975
2024-07-15T08:32:58+00:00,btc_mxn,1023069.98,1023070.02,3.909800820598076e-06
2024-07-15T08:32:57+00:00,usd_mxn,17.6,17.61,0.05678591709254975
2024-07-15T08:32:59+00:00,btc_mxn,1023069.98,1023070.02,3.909800820598076e-06
2024-07-15T08:32:58+00:00,usd_mxn,17.6,17.61,0.05678591709254975
2024-07-15T08:33:00+00:00,btc_mxn,1023069.98,1023070.02,3.909800820598076e-06
2024-07-15T08:32:59+00:00,usd_mxn,17.6,17.61,0.05678591709254975
2024-07-15T08:33:01+00:00,btc_mxn,1023069.98,1023070.02,3.909800820598076e-06
2024-07-15T08:33:00+00:00,usd_mxn,17.6,17.61,0.05678591709254975
2024-07-15T08:33:02+00:00,btc_mxn,1023069.98,1023070.02,3.909800820598076e-06
2024-07-15T08:33:01+00:00,usd_mxn,17.6,17.61,0.05678591709254975
2024-07-15T08:33:04+00:00,btc_mxn,1023069.98,1023070.02,3.909800820598076e-06
2024-07-15T08:33:02+00:00,usd_mxn,17.6,17.61,0.05678591709254975
2024-07-15T08:33:05+00:00,btc_mxn,1023069.98,1023070.02,3.909800820598076e-06
2024-07-15T08:33:04+00:00,usd_mxn,17.6,17.61,0.05678591709254975
2024-07-15T08:33:06+00:00,btc_mxn,1023069.98,1023070.02,3.909800820598076e-06
2024-07-15T08:33:05+00:00,usd_mxn,17.6,17.61,0.05678591709254975
2024-07-15T08:33:07+00:00,btc_mxn,1023069.98,1023070.02,3.909800820598076e-06
2024-07-15T08:33:06+00:00,usd_mxn,17.6,17.61,0.05678591709254975
2024-07-15T08:33:08+00:00,btc_mxn,1023069.98,1023070.02,3.909800820598076e-06
2024-07-15T08:33:07+00:00,usd_mxn,17.6,17.61,0.05678591709254975
2024-07-15T08:33:09+00:00,btc_mxn,1023069.98,1023070.02,3.909800820598076e-06
2024-07-15T08:33:08+00:00,usd_mxn,17.6,17.61,0.05678591709254975
2024-07-15T08:33:11+00:00,btc_mxn,1023069.98,1023070.02,3.909800820598076e-06
2024-07-15T08:33:09+00:00,usd_mxn,17.6,17.61,0.05678591709254975
2024-07-15T08:33:12+00:00,btc_mxn,1023069.98,1023070.02,3.909800820598076e-06
2024-07-15T08:33:11+00:00,usd_mxn,17.6,17.61,0.05678591709254975
2024-07-15T08:33:13+00:00,btc_mxn,1023069.98,1023070.02,3.909800820598076e-06
2024-07-15T08:33:12+00:00,usd_mxn,17.6,17.61,0.05678591709254975
2024-07-15T08:33:14+00:00,btc_mxn,1023069.98,1023070.02,3.909800820598076e-06
2024-07-15T08:33:13+00:00,usd_mxn,17.6,17.61,0.05678591709254975
2024-07-15T08:33:15+00:00,btc_mxn,1023069.98,1023070.02,3.909800820598076e-06
2024-07-15T08:33:14+00:00,usd_mxn,17.6,17.61,0.05678591709254975
2024-07-15T08:33:16+00:00,btc_mxn,1023069.98,1023070.02,3.909800820598076e-06
2024-07-15T08:33:15+00:00,usd_mxn,17.6,17.61,0.05678591709254975
2024-07-15T08:33:18+00:00,btc_mxn,1023069.98,1023070.02,3.909800820598076e-06
2024-07-15T08:33:16+00:00,usd_mxn,17.6,17.61,0.05678591709254975
2024-07-15T08:33:19+00:00,btc_mxn,1023069.98,1023070.02,3.909800820598076e-06
2024-07-15T08:33:18+00:00,usd_mxn,17.6,17.61,0.05678591709254975
2024-07-15T08:33:20+00:00,btc_mxn,1023069.98,1023070.02,3.909800820598076e-06
2024-07-15T08:33:19+00:00,usd_mxn,17.6,17.61,0.05678591709254975
2024-07-15T08:33:21+00:00,btc_mxn,1023069.98,1023070.02,3.909800820598076e-06
2024-07-15T08:33:20+00:00,usd_mxn,17.6,17.61,0.05678591709254975
2024-07-15T08:33:22+00:00,btc_mxn,1023069.98,1023070.02,3.909800820598076e-06
2024-07-15T08:33:21+00:00,usd_mxn,17.6,17.61,0.05678591709254975
2024-07-15T08:33:23+00:00,btc_mxn,1023069.98,1023070.02,3.909800820598076e-06
2024-07-15T08:33:22+00:00,usd_mxn,17.6,17.61,0.05678591709254975
2024-07-15T08:33:24+00:00,btc_mxn,1023069.98,1023070.02,3.909800820598076e-06
2024-07-15T08:33:23+00:00,usd_mxn,17.6,17.61,0.05678591709254975
2024-07-15T08:33:26+00:00,btc_mxn,1023069.98,1023070.02,3.909800820598076e-06
2024-07-15T08:33:24+00:00,usd_mxn,17.6,17.61,0.05678591709254975
2024-07-15T08:33:27+00:00,btc_mxn,1023069.98,1023070.02,3.909800820598076e-06
2024-07-15T08:33:26+00:00,usd_mxn,17.6,17.61,0.05678591709254975
2024-07-15T08:33:28+00:00,btc_mxn,1023069.98,1023070.02,3.909800820598076e-06
2024-07-15T08:33:27+00:00,usd_mxn,17.6,17.61,0.05678591709254975
2024-07-15T08:33:28+00:00,usd_mxn,17.6,17.61,0.05678591709254975
2024-07-15T08:23:54+00:00,btc_mxn,1023069.98,1023070.02,3.909800820598076e-06
2024-07-15T08:23:54+00:00,usd_mxn,17.6,17.61,0.05678591709254975
2024-07-15T08:24:01+00:00,btc_mxn,1023069.98,1023070.02,3.909800820598076e-06
2024-07-15T08:24:09+00:00,btc_mxn,1023069.98,1023070.02,3.909800820598076e-06
2024-07-15T08:24:16+00:00,btc_mxn,1023069.98,1023070.02,3.909800820598076e-06
2024-07-15T08:24:31+00:00,btc_mxn,1023069.98,1023070.02,3.909800820598076e-06
2024-07-15T08:24:09+00:00,usd_mxn,17.6,17.61,0.05678591709254975
2024-07-15T08:24:16+00:00,usd_mxn,17.6,17.61,0.05678591709254975
2024-07-15T08:24:53+00:00,btc_mxn,1023069.98,1023070.02,3.909800820598076e-06
2024-07-15T08:24:24+00:00,usd_mxn,17.6,17.61,0.05678591709254975
2024-07-15T08:24:31+00:00,usd_mxn,17.6,17.61,0.05678591709254975
2024-07-15T08:25:15+00:00,btc_mxn,1023069.98,1023070.02,3.909800820598076e-06
2024-07-15T08:25:38+00:00,btc_mxn,1023069.98,1023070.02,3.909800820598076e-06
2024-07-15T08:25:38+00:00,usd_mxn,17.6,17.61,0.05678591709254975
2024-07-15T08:25:15+00:00,usd_mxn,17.6,17.61,0.05678591709254975
2024-07-15T08:25:51+00:00,usd_mxn,17.6,17.61,0.05678591709254975
2024-07-15T08:25:55+00:00,usd_mxn,17.6,17.61,0.05678591709254975
2024-07-15T08:26:34+00:00,usd_mxn,17.6,17.61,0.05678591709254975
2024-07-15T08:26:49+00:00,btc_mxn,1023069.98,1023070.02,3.909800820598076e-06
2024-07-15T08:27:04+00:00,btc_mxn,1023069.98,1023070.02,3.909800820598076e-06
2024-07-15T08:27:04+00:00,usd_mxn,17.6,17.61,0.05678591709254975
2024-07-15T08:27:24+00:00,btc_mxn,1023069.98,1023070.02,3.909800820598076e-06
2024-07-15T08:27:10+00:00,usd_mxn,17.6,17.61,0.05678591709254975
2024-07-15T08:27:17+00:00,usd_mxn,17.6,17.61,0.05678591709254975
2024-07-15T08:28:15+00:00,usd_mxn,17.6,17.61,0.05678591709254975
2024-07-15T08:28:38+00:00,btc_mxn,1023069.98,1023070.02,3.909800820598076e-06
2024-07-15T08:28:38+00:00,usd_mxn,17.6,17.61,0.05678591709254975
2024-07-15T08:29:07+00:00,btc_mxn,1023069.98,1023070.02,3.909800820598076e-06
2024-07-15T08:29:08+00:00,usd_mxn,17.6,17.61,0.05678591709254975
2024-07-15T08:28:45+00:00,usd_mxn,17.6,17.61,0.05678591709254975
2024-07-15T08:29:29+00:00,btc_mxn,1023069.98,1023070.02,3.909800820598076e-06
2024-07-15T08:29:37+00:00,btc_mxn,1023069.98,1023070.02,3.909800820598076e-06
2024-07-15T08:29:37+00:00,usd_mxn,17.6,17.61,0.05678591709254975
2024-07-15T08:30:42+00:00,usd_mxn,17.6,17.61,0.05678591709254975
2024-07-15T08:31:35+00:00,btc_mxn,1023069.98,1023070.02,3.909800820598076e-06
2024-07-15T08:31:34+00:00,usd_mxn,17.6,17.61,0.05678591709254975
2024-07-15T08:31:49+00:00,usd_mxn,17.6,17.61,0.05678591709254975
2024-07-15T08:31:49+00:00,btc_mxn,1023069.98,1023070.02,3.909800820598076e-06
2024-07-15T08:32:04+00:00,btc_mxn,1023069.98,1023070.02,3.909800820598076e-06
2024-07-15T08:32:05+00:00,usd_mxn,17.6,17.61,0.05678591709254975
2024-07-15T08:33:29+00:00,btc_mxn,1023069.98,1023070.02,3.909800820598076e-06
2024-07-15T08:33:17+00:00,btc_mxn,1023069.98,1023070.02,3.909800820598076e-06
2024-07-15T08:33:29+00:00,usd_mxn,17.6,17.61,0.05678591709254975
2024-07-15T08:33:31+00:00,btc_mxn,1023069.98,1023070.02,3.909800820598076e-06
2024-07-15T08:33:32+00:00,btc_mxn,1023069.98,1023070.02,3.909800820598076e-06
2024-07-15T08:33:33+00:00,btc_mxn,1023069.98,1023070.02,3.909800820598076e-06
2024-07-15T08:33:34+00:00,btc_mxn,1023069.98,1023070.02,3.909800820598076e-06
2024-07-15T08:33:35+00:00,btc_mxn,1023069.98,1023070.02,3.909800820598076e-06
2024-07-15T08:33:36+00:00,btc_mxn,1023069.98,1023070.02,3.909800820598076e-06
2024-07-15T08:33:38+00:00,btc_mxn,1023069.98,1023070.02,3.909800820598076e-06
2024-07-15T08:33:39+00:00,btc_mxn,1023069.98,1023070.02,3.909800820598076e-06
2024-07-15T08:33:40+00:00,btc_mxn,1023069.98,1023070.02,3.909800820598076e-06
2024-07-15T08:33:41+00:00,btc_mxn,1023069.98,1023070.02,3.909800820598076e-06
2024-07-15T08:33:42+00:00,btc_mxn,1023069.98,1023070.02,3.909800820598076e-06
2024-07-15T08:33:43+00:00,btc_mxn,1023069.98,1023070.02,3.909800820598076e-06
2024-07-15T08:33:44+00:00,btc_mxn,1023069.98,1023070.02,3.909800820598076e-06
2024-07-15T08:33:46+00:00,btc_mxn,1023069.98,1023070.02,3.909800820598076e-06
2024-07-15T08:33:47+00:00,btc_mxn,1023069.98,1023070.02,3.909800820598076e-06
2024-07-15T08:33:48+00:00,btc_mxn,1023069.98,1023070.02,3.909800820598076e-06
2024-07-15T08:33:49+00:00,btc_mxn,1023069.98,1023070.02,3.909800820598076e-06
2024-07-15T08:33:50+00:00,btc_mxn,1023069.98,1023070.02,3.909800820598076e-06
2024-07-15T08:33:51+00:00,btc_mxn,1023069.98,1023070.02,3.909800820598076e-06
2024-07-15T08:33:52+00:00,btc_mxn,1023069.98,1023070.02,3.909800820598076e-06
2024-07-15T08:33:54+00:00,btc_mxn,1023069.98,1023070.02,3.909800820598076e-06
2024-07-15T08:33:55+00:00,btc_mxn,1023069.98,1023070.02,3.909800820598076e-06
2024-07-15T08:33:56+00:00,btc_mxn,1023069.98,1023070.02,3.909800820598076e-06
2024-07-15T08:33:57+00:00,btc_mxn,1023069.98,1023070.02,3.909800820598076e-06
2024-07-15T08:33:58+00:00,btc_mxn,1023069.98,1023070.02,3.909800820598076e-06
2024-07-15T08:33:59+00:00,btc_mxn,1023069.98,1023070.02,3.909800820598076e-06
2024-07-15T08:34:01+00:00,btc_mxn,1023069.98,1023070.02,3.909800820598076e-06
2024-07-15T08:34:02+00:00,btc_mxn,1023069.98,1023070.02,3.909800820598076e-06
2024-07-15T08:34:03+00:00,btc_mxn,1023069.98,1023070.02,3.909800820598076e-06
2024-07-15T08:34:04+00:00,btc_mxn,1023069.98,1023070.02,3.909800820598076e-06
2024-07-15T08:34:05+00:00,btc_mxn,1023069.98,1023070.02,3.909800820598076e-06
2024-07-15T08:34:06+00:00,btc_mxn,1023069.98,1023070.02,3.909800820598076e-06
2024-07-15T08:34:07+00:00,btc_mxn,1023069.98,1023070.02,3.909800820598076e-06
2024-07-15T08:34:09+00:00,btc_mxn,1023069.98,1023070.02,3.909800820598076e-06
2024-07-15T08:34:10+00:00,btc_mxn,1023069.98,1023070.02,3.909800820598076e-06
2024-07-15T08:34:11+00:00,btc_mxn,1023069.98,1023070.02,3.909800820598076e-06
2024-07-15T08:34:12+00:00,btc_mxn,1023069.98,1023070.02,3.909800820598076e-06
2024-07-15T08:34:13+00:00,btc_mxn,1023069.98,1023070.02,3.909800820598076e-06
2024-07-15T08:34:14+00:00,btc_mxn,1023069.98,1023070.02,3.909800820598076e-06
2024-07-15T08:34:16+00:00,btc_mxn,1023069.98,1023070.02,3.909800820598076e-06
2024-07-15T08:34:17+00:00,btc_mxn,1023069.98,1023070.02,3.909800820598076e-06
2024-07-15T08:34:18+00:00,btc_mxn,1023069.98,1023070.02,3.909800820598076e-06
2024-07-15T08:34:19+00:00,btc_mxn,1023069.98,1023070.02,3.909800820598076e-06
2024-07-15T08:34:20+00:00,btc_mxn,1023069.98,1023070.02,3.909800820598076e-06
2024-07-15T08:34:21+00:00,btc_mxn,1023069.98,1023070.02,3.909800820598076e-06
2024-07-15T08:34:23+00:00,btc_mxn,1023069.98,1023070.02,3.909800820598076e-06
2024-07-15T08:34:24+00:00,btc_mxn,1023069.98,1023070.02,3.909800820598076e-06
2024-07-15T08:34:25+00:00,btc_mxn,1023069.98,1023070.02,3.909800820598076e-06
2024-07-15T08:34:26+00:00,btc_mxn,1023069.98,1023070.02,3.909800820598076e-06
2024-07-15T08:34:27+00:00,btc_mxn,1023069.98,1023070.02,3.909800820598076e-06
2024-07-15T08:34:28+00:00,btc_mxn,1023069.98,1023070.02,3.909800820598076e-06
2024-07-15T08:34:29+00:00,btc_mxn,1023069.98,1023070.02,3.909800820598076e-06
2024-07-15T08:33:31+00:00,usd_mxn,17.6,17.61,0.05678591709254975
2024-07-15T08:33:32+00:00,usd_mxn,17.6,17.61,0.05678591709254975
2024-07-15T08:33:33+00:00,usd_mxn,17.6,17.61,0.05678591709254975
2024-07-15T08:33:34+00:00,usd_mxn,17.6,17.61,0.05678591709254975
2024-07-15T08:33:35+00:00,usd_mxn,17.6,17.61,0.05678591709254975
2024-07-15T08:33:36+00:00,usd_mxn,17.6,17.61,0.05678591709254975
2024-07-15T08:33:38+00:00,usd_mxn,17.6,17.61,0.05678591709254975
2024-07-15T08:33:39+00:00,usd_mxn,17.6,17.61,0.05678591709254975
2024-07-15T08:33:40+00:00,usd_mxn,17.6,17.61,0.05678591709254975
2024-07-15T08:33:41+00:00,usd_mxn,17.6,17.61,0.05678591709254975
2024-07-15T08:33:42+00:00,usd_mxn,17.6,17.61,0.05678591709254975
2024-07-15T08:33:43+00:00,usd_mxn,17.6,17.61,0.05678591709254975
2024-07-15T08:33:44+00:00,usd_mxn,17.6,17.61,0.05678591709254975
2024-07-15T08:33:46+00:00,usd_mxn,17.6,17.61,0.05678591709254975
2024-07-15T08:33:47+00:00,usd_mxn,17.6,17.61,0.05678591709254975
2024-07-15T08:33:48+00:00,usd_mxn,17.6,17.61,0.05678591709254975
2024-07-15T08:33:49+00:00,usd_mxn,17.6,17.61,0.05678591709254975
2024-07-15T08:33:50+00:00,usd_mxn,17.6,17.61,0.05678591709254975
2024-07-15T08:33:51+00:00,usd_mxn,17.6,17.61,0.05678591709254975
2024-07-15T08:33:52+00:00,usd_mxn,17.6,17.61,0.05678591709254975
2024-07-15T08:33:54+00:00,usd_mxn,17.6,17.61,0.05678591709254975
2024-07-15T08:33:55+00:00,usd_mxn,17.6,17.61,0.05678591709254975
2024-07-15T08:33:56+00:00,usd_mxn,17.6,17.61,0.05678591709254975
2024-07-15T08:33:57+00:00,usd_mxn,17.6,17.61,0.05678591709254975
2024-07-15T08:33:58+00:00,usd_mxn,17.6,17.61,0.05678591709254975
2024-07-15T08:33:59+00:00,usd_mxn,17.6,17.61,0.05678591709254975
2024-07-15T08:34:00+00:00,usd_mxn,17.6,17.61,0.05678591709254975
2024-07-15T08:34:01+00:00,usd_mxn,17.6,17.61,0.05678591709254975
2024-07-15T08:34:02+00:00,usd_mxn,17.6,17.61,0.05678591709254975
2024-07-15T08:34:03+00:00,usd_mxn,17.6,17.61,0.05678591709254975
2024-07-15T08:34:04+00:00,usd_mxn,17.6,17.61,0.05678591709254975
2024-07-15T08:34:05+00:00,usd_mxn,17.6,17.61,0.05678591709254975
2024-07-15T08:34:06+00:00,usd_mxn,17.6,17.61,0.05678591709254975
2024-07-15T08:34:07+00:00,usd_mxn,17.6,17.61,0.05678591709254975
2024-07-15T08:34:09+00:00,usd_mxn,17.6,17.61,0.05678591709254975
2024-07-15T08:34:10+00:00,usd_mxn,17.6,17.61,0.05678591709254975
2024-07-15T08:34:11+00:00,usd_mxn,17.6,17.61,0.05678591709254975
2024-07-15T08:34:12+00:00,usd_mxn,17.6,17.61,0.05678591709254975
2024-07-15T08:34:13+00:00,usd_mxn,17.6,17.61,0.05678591709254975
2024-07-15T08:34:14+00:00,usd_mxn,17.6,17.61,0.05678591709254975
2024-07-15T08:34:16+00:00,usd_mxn,17.6,17.61,0.05678591709254975
2024-07-15T08:34:17+00:00,usd_mxn,17.6,17.61,0.05678591709254975
2024-07-15T08:34:18+00:00,usd_mxn,17.6,17.61,0.05678591709254975
2024-07-15T08:34:19+00:00,usd_mxn,17.6,17.61,0.05678591709254975
2024-07-15T08:34:20+00:00,usd_mxn,17.6,17.61,0.05678591709254975
2024-07-15T08:34:21+00:00,usd_mxn,17.6,17.61,0.05678591709254975
2024-07-15T08:34:22+00:00,usd_mxn,17.6,17.61,0.05678591709254975
2024-07-15T08:34:22+00:00,btc_mxn,1023069.98,1023070.02,3.909800820598076e-06
2024-07-15T08:34:24+00:00,usd_mxn,17.6,17.61,0.05678591709254975
2024-07-15T08:34:25+00:00,usd_mxn,17.6,17.61,0.05678591709254975
2024-07-15T08:34:26+00:00,usd_mxn,17.6,17.61,0.05678591709254975
2024-07-15T08:34:27+00:00,usd_mxn,17.6,17.61,0.05678591709254975
2024-07-15T08:34:28+00:00,usd_mxn,17.6,17.61,0.05678591709254975
2024-07-15T08:34:29+00:00,usd_mxn,17.6,17.61,0.05678591709254975
2024-07-15T08:34:31+00:00,usd_mxn,17.6,17.61,0.05678591709254975
2024-07-15T08:34:31+00:00,btc_mxn,1023069.98,1023070.02,3.909800820598076e-06
2024-07-15T08:33:37+00:00,usd_mxn,17.6,17.61,0.05678591709254975
2024-07-15T08:33:37+00:00,btc_mxn,1023069.98,1023070.02,3.909800820598076e-06
2024-07-15T08:33:45+00:00,usd_mxn,17.6,17.61,0.05678591709254975
2024-07-15T08:33:45+00:00,btc_mxn,1023069.98,1023070.02,3.909800820598076e-06
2024-07-15T08:33:53+00:00,usd_mxn,17.6,17.61,0.05678591709254975
2024-07-15T08:33:53+00:00,btc_mxn,1023069.98,1023070.02,3.909800820598076e-06
2024-07-15T08:34:00+00:00,btc_mxn,1023069.98,1023070.02,3.909800820598076e-06
2024-07-15T08:34:08+00:00,btc_mxn,1023069.98,1023070.02,3.909800820598076e-06
2024-07-15T08:34:08+00:00,usd_mxn,17.6,17.61,0.05678591709254975
2024-07-15T08:34:23+00:00,usd_mxn,17.6,17.61,0.05678591709254975
2024-07-15T08:34:32+00:00,btc_mxn,1023069.98,1023070.02,3.909800820598076e-06
2024-07-15T08:34:32+00:00,usd_mxn,17.6,17.61,0.05678591709254975
2024-07-15T08:34:33+00:00,btc_mxn,1023069.98,1023070.02,3.909800820598076e-06
2024-07-15T08:34:33+00:00,usd_mxn,17.6,17.61,0.05678591709254975
2024-07-15T08:34:34+00:00,usd_mxn,17.6,17.61,0.05678591709254975
2024-07-15T08:34:35+00:00,usd_mxn,17.6,17.61,0.05678591709254975
2024-07-15T08:34:36+00:00,usd_mxn,17.6,17.61,0.05678591709254975
2024-07-15T08:34:37+00:00,usd_mxn,17.6,17.61,0.05678591709254975
2024-07-15T08:34:38+00:00,usd_mxn,17.6,17.61,0.05678591709254975
2024-07-15T08:34:39+00:00,usd_mxn,17.6,17.61,0.05678591709254975
2024-07-15T08:34:40+00:00,usd_mxn,17.6,17.61,0.05678591709254975
2024-07-15T08:34:42+00:00,usd_mxn,17.6,17.61,0.05678591709254975
2024-07-15T08:34:43+00:00,usd_mxn,17.6,17.61,0.05678591709254975
2024-07-15T08:34:44+00:00,usd_mxn,17.6,17.61,0.05678591709254975
2024-07-15T08:34:45+00:00,usd_mxn,17.6,17.61,0.05678591709254975
2024-07-15T08:34:46+00:00,usd_mxn,17.6,17.61,0.05678591709254975
2024-07-15T08:34:47+00:00,usd_mxn,17.6,17.61,0.05678591709254975
2024-07-15T08:34:48+00:00,usd_mxn,17.6,17.61,0.05678591709254975
2024-07-15T08:34:50+00:00,usd_mxn,17.6,17.61,0.05678591709254975
2024-07-15T08:34:51+00:00,usd_mxn,17.6,17.61,0.05678591709254975
2024-07-15T08:34:52+00:00,usd_mxn,17.6,17.61,0.05678591709254975
2024-07-15T08:34:53+00:00,usd_mxn,17.6,17.61,0.05678591709254975
2024-07-15T08:34:54+00:00,usd_mxn,17.6,17.61,0.05678591709254975
2024-07-15T08:34:55+00:00,usd_mxn,17.6,17.61,0.05678591709254975
2024-07-15T08:34:57+00:00,usd_mxn,17.6,17.61,0.05678591709254975
2024-07-15T08:34:58+00:00,usd_mxn,17.6,17.61,0.05678591709254975
2024-07-15T08:34:59+00:00,usd_mxn,17.6,17.61,0.05678591709254975
2024-07-15T08:35:00+00:00,usd_mxn,17.6,17.61,0.05678591709254975
2024-07-15T08:35:01+00:00,usd_mxn,17.6,17.61,0.05678591709254975
2024-07-15T08:35:02+00:00,usd_mxn,17.6,17.61,0.05678591709254975
2024-07-15T08:35:04+00:00,usd_mxn,17.6,17.61,0.05678591709254975
2024-07-15T08:35:05+00:00,usd_mxn,17.6,17.61,0.05678591709254975
2024-07-15T08:35:06+00:00,usd_mxn,17.6,17.61,0.05678591709254975
2024-07-15T08:35:07+00:00,usd_mxn,17.6,17.61,0.05678591709254975
2024-07-15T08:35:08+00:00,usd_mxn,17.6,17.61,0.05678591709254975
2024-07-15T08:35:09+00:00,usd_mxn,17.6,17.61,0.05678591709254975
2024-07-15T08:35:11+00:00,usd_mxn,17.6,17.61,0.05678591709254975
2024-07-15T08:35:12+00:00,usd_mxn,17.6,17.61,0.05678591709254975
2024-07-15T08:35:13+00:00,usd_mxn,17.6,17.61,0.05678591709254975
2024-07-15T08:35:14+00:00,usd_mxn,17.6,17.61,0.05678591709254975
2024-07-15T08:35:15+00:00,usd_mxn,17.6,17.61,0.05678591709254975
2024-07-15T08:35:16+00:00,usd_mxn,17.6,17.61,0.05678591709254975
2024-07-15T08:35:17+00:00,usd_mxn,17.6,17.61,0.05678591709254975
2024-07-15T08:35:19+00:00,usd_mxn,17.6,17.61,0.05678591709254975
2024-07-15T08:35:20+00:00,usd_mxn,17.6,17.61,0.05678591709254975
2024-07-15T08:35:21+00:00,usd_mxn,17.6,17.61,0.05678591709254975
2024-07-15T08:35:22+00:00,usd_mxn,17.6,17.61,0.05678591709254975
2024-07-15T08:35:23+00:00,usd_mxn,17.6,17.61,0.05678591709254975
2024-07-15T08:35:24+00:00,usd_mxn,17.6,17.61,0.05678591709254975
2024-07-15T08:35:26+00:00,usd_mxn,17.6,17.61,0.05678591709254975
2024-07-15T08:35:27+00:00,usd_mxn,17.6,17.61,0.05678591709254975
2024-07-15T08:35:28+00:00,usd_mxn,17.6,17.61,0.05678591709254975
2024-07-15T08:35:29+00:00,usd_mxn,17.6,17.61,0.05678591709254975
2024-07-15T08:35:30+00:00,usd_mxn,17.6,17.61,0.05678591709254975
2024-07-15T08:34:35+00:00,btc_mxn,1023069.98,1023070.02,3.909800820598076e-06
2024-07-15T08:34:36+00:00,btc_mxn,1023069.98,1023070.02,3.909800820598076e-06
2024-07-15T08:34:37+00:00,btc_mxn,1023069.98,1023070.02,3.909800820598076e-06
2024-07-15T08:34:38+00:00,btc_mxn,1023069.98,1023070.02,3.909800820598076e-06
2024-07-15T08:34:39+00:00,btc_mxn,1023069.98,1023070.02,3.909800820598076e-06
2024-07-15T08:34:40+00:00,btc_mxn,1023069.98,1023070.02,3.909800820598076e-06
2024-07-15T08:34:42+00:00,btc_mxn,1023069.98,1023070.02,3.909800820598076e-06
2024-07-15T08:34:43+00:00,btc_mxn,1023069.98,1023070.02,3.909800820598076e-06
2024-07-15T08:34:44+00:00,btc_mxn,1023069.98,1023070.02,3.909800820598076e-06
2024-07-15T08:34:45+00:00,btc_mxn,1023069.98,1023070.02,3.909800820598076e-06
2024-07-15T08:34:46+00:00,btc_mxn,1023069.98,1023070.02,3.909800820598076e-06
2024-07-15T08:34:47+00:00,btc_mxn,1023069.98,1023070.02,3.909800820598076e-06
2024-07-15T08:34:48+00:00,btc_mxn,1023069.98,1023070.02,3.909800820598076e-06
2024-07-15T08:34:50+00:00,btc_mxn,1023069.98,1023070.02,3.909800820598076e-06
2024-07-15T08:34:51+00:00,btc_mxn,1023069.98,1023070.02,3.909800820598076e-06
2024-07-15T08:34:52+00:00,btc_mxn,1023069.98,1023070.02,3.909800820598076e-06
2024-07-15T08:34:53+00:00,btc_mxn,1023069.98,1023070.02,3.909800820598076e-06
2024-07-15T08:34:54+00:00,btc_mxn,1023069.98,1023070.02,3.909800820598076e-06
2024-07-15T08:34:55+00:00,btc_mxn,1023069.98,1023070.02,3.909800820598076e-06
2024-07-15T08:34:57+00:00,btc_mxn,1023069.98,1023070.02,3.909800820598076e-06
2024-07-15T08:34:58+00:00,btc_mxn,1023069.98,1023070.02,3.909800820598076e-06
2024-07-15T08:34:59+00:00,btc_mxn,1023069.98,1023070.02,3.909800820598076e-06
2024-07-15T08:35:00+00:00,btc_mxn,1023069.98,1023070.02,3.909800820598076e-06
2024-07-15T08:35:01+00:00,btc_mxn,1023069.98,1023070.02,3.909800820598076e-06
2024-07-15T08:35:02+00:00,btc_mxn,1023069.98,1023070.02,3.909800820598076e-06
2024-07-15T08:35:04+00:00,btc_mxn,1023069.98,1023070.02,3.909800820598076e-06
2024-07-15T08:35:05+00:00,btc_mxn,1023069.98,1023070.02,3.909800820598076e-06
2024-07-15T08:35:06+00:00,btc_mxn,1023069.98,1023070.02,3.909800820598076e-06
2024-07-15T08:35:07+00:00,btc_mxn,1023069.98,1023070.02,3.909800820598076e-06
2024-07-15T08:35:08+00:00,btc_mxn,1023069.98,1023070.02,3.909800820598076e-06
2024-07-15T08:35:09+00:00,btc_mxn,1023069.98,1023070.02,3.909800820598076e-06
2024-07-15T08:35:11+00:00,btc_mxn,1023069.98,1023070.02,3.909800820598076e-06
2024-07-15T08:35:12+00:00,btc_mxn,1023069.98,1023070.02,3.909800820598076e-06
2024-07-15T08:35:13+00:00,btc_mxn,1023069.98,1023070.02,3.909800820598076e-06
2024-07-15T08:35:14+00:00,btc_mxn,1023069.98,1023070.02,3.909800820598076e-06
2024-07-15T08:35:15+00:00,btc_mxn,1023069.98,1023070.02,3.909800820598076e-06
2024-07-15T08:35:16+00:00,btc_mxn,1023069.98,1023070.02,3.909800820598076e-06
2024-07-15T08:35:17+00:00,btc_mxn,1023069.98,1023070.02,3.909800820598076e-06
2024-07-15T08:35:19+00:00,btc_mxn,1023069.98,1023070.02,3.909800820598076e-06
2024-07-15T08:35:20+00:00,btc_mxn,1023069.98,1023070.02,3.909800820598076e-06
2024-07-15T08:35:21+00:00,btc_mxn,1023069.98,1023070.02,3.909800820598076e-06
2024-07-15T08:35:22+00:00,btc_mxn,1023069.98,1023070.02,3.909800820598076e-06
2024-07-15T08:35:23+00:00,btc_mxn,1023069.98,1023070.02,3.909800820598076e-06
2024-07-15T08:35:24+00:00,btc_mxn,1023069.98,1023070.02,3.909800820598076e-06
2024-07-15T08:35:26+00:00,btc_mxn,1023069.98,1023070.02,3.909800820598076e-06
2024-07-15T08:35:27+00:00,btc_mxn,1023069.98,1023070.02,3.909800820598076e-06
2024-07-15T08:35:28+00:00,btc_mxn,1023069.98,1023070.02,3.909800820598076e-06
2024-07-15T08:35:29+00:00,btc_mxn,1023069.98,1023070.02,3.909800820598076e-06
2024-07-15T08:35:30+00:00,btc_mxn,1023069.98,1023070.02,3.909800820598076e-06
2024-07-15T08:35:32+00:00,btc_mxn,1023069.98,1023070.02,3.909800820598076e-06
2024-07-15T08:37:20+00:00,usd_mxn,17.6,17.61,0.05678591709254975
2024-07-15T08:37:21+00:00,usd_mxn,17.6,17.61,0.05678591709254975
2024-07-15T08:37:23+00:00,usd_mxn,17.6,17.61,0.05678591709254975
2024-07-15T08:37:24+00:00,usd_mxn,17.6,17.61,0.05678591709254975
2024-07-15T08:37:25+00:00,usd_mxn,17.6,17.61,0.05678591709254975
2024-07-15T08:37:26+00:00,usd_mxn,17.6,17.61,0.05678591709254975
2024-07-15T08:37:27+00:00,usd_mxn,17.6,17.61,0.05678591709254975
2024-07-15T08:37:28+00:00,usd_mxn,17.6,17.61,0.05678591709254975
2024-07-15T08:37:29+00:00,usd_mxn,17.6,17.61,0.05678591709254975
2024-07-15T08:37:31+00:00,usd_mxn,17.6,17.61,0.05678591709254975
2024-07-15T08:37:32+00:00,usd_mxn,17.6,17.61,0.05678591709254975
2024-07-15T08:37:33+00:00,usd_mxn,17.6,17.61,0.05678591709254975
2024-07-15T08:37:34+00:00,usd_mxn,17.6,17.61,0.05678591709254975
2024-07-15T08:37:35+00:00,usd_mxn,17.6,17.61,0.05678591709254975
2024-07-15T08:37:36+00:00,usd_mxn,17.6,17.61,0.05678591709254975
2024-07-15T08:37:38+00:00,usd_mxn,17.6,17.61,0.05678591709254975
2024-07-15T08:37:39+00:00,usd_mxn,17.6,17.61,0.05678591709254975
2024-07-15T08:37:40+00:00,usd_mxn,17.6,17.61,0.05678591709254975
2024-07-15T08:37:41+00:00,usd_mxn,17.6,17.61,0.05678591709254975
2024-07-15T08:37:42+00:00,usd_mxn,17.6,17.61,0.05678591709254975
2024-07-15T08:37:43+00:00,usd_mxn,17.6,17.61,0.05678591709254975
2024-07-15T08:37:45+00:00,usd_mxn,17.6,17.61,0.05678591709254975
2024-07-15T08:37:46+00:00,usd_mxn,17.6,17.61,0.05678591709254975
2024-07-15T08:37:47+00:00,usd_mxn,17.6,17.61,0.05678591709254975
2024-07-15T08:37:48+00:00,usd_mxn,17.6,17.61,0.05678591709254975
2024-07-15T08:37:49+00:00,usd_mxn,17.6,17.61,0.05678591709254975
2024-07-15T08:37:50+00:00,usd_mxn,17.6,17.61,0.05678591709254975
2024-07-15T08:37:52+00:00,usd_mxn,17.6,17.61,0.05678591709254975
2024-07-15T08:37:53+00:00,usd_mxn,17.6,17.61,0.05678591709254975
2024-07-15T08:37:54+00:00,usd_mxn,17.6,17.61,0.05678591709254975
2024-07-15T08:37:55+00:00,usd_mxn,17.6,17.61,0.05678591709254975
2024-07-15T08:37:56+00:00,usd_mxn,17.6,17.61,0.05678591709254975
2024-07-15T08:37:57+00:00,usd_mxn,17.6,17.61,0.05678591709254975
2024-07-15T08:37:59+00:00,usd_mxn,17.6,17.61,0.05678591709254975
2024-07-15T08:38:00+00:00,usd_mxn,17.6,17.61,0.05678591709254975
2024-07-15T08:38:01+00:00,usd_mxn,17.6,17.61,0.05678591709254975
2024-07-15T08:38:02+00:00,usd_mxn,17.6,17.61,0.05678591709254975
2024-07-15T08:38:03+00:00,usd_mxn,17.6,17.61,0.05678591709254975
2024-07-15T08:38:04+00:00,usd_mxn,17.6,17.61,0.05678591709254975
2024-07-15T08:38:06+00:00,usd_mxn,17.6,17.61,0.05678591709254975
2024-07-15T08:38:07+00:00,usd_mxn,17.6,17.61,0.05678591709254975
2024-07-15T08:38:08+00:00,usd_mxn,17.6,17.61,0.05678591709254975
2024-07-15T08:38:09+00:00,usd_mxn,17.6,17.61,0.05678591709254975
2024-07-15T08:38:10+00:00,usd_mxn,17.6,17.61,0.05678591709254975
2024-07-15T08:38:11+00:00,usd_mxn,17.6,17.61,0.05678591709254975
2024-07-15T08:38:13+00:00,usd_mxn,17.6,17.61,0.05678591709254975
2024-07-15T08:38:14+00:00,usd_mxn,17.6,17.61,0.05678591709254975
2024-07-15T08:38:15+00:00,usd_mxn,17.6,17.61,0.05678591709254975
2024-07-15T08:38:16+00:00,usd_mxn,17.6,17.61,0.05678591709254975
2024-07-15T08:38:17+00:00,usd_mxn,17.6,17.61,0.05678591709254975
2024-07-15T08:38:18+00:00,usd_mxn,17.6,17.61,0.05678591709254975
2024-07-15T08:38:19+00:00,usd_mxn,17.6,17.61,0.05678591709254975
